%% This BibTeX bibliography file was created using BibDesk.
%% http://bibdesk.sourceforge.net/

%% Created for Matthew Aaron Mandelkern at 2018-09-27 16:37:12 +0100 


%% Saved with string encoding Unicode (UTF-8) 


@preamble{"\newcommand{\SortNoop}[1]{}"}



@article{buhrmester2011amazon,
	Author = {Buhrmester, Michael and Kwang, Tracy and Gosling, Samuel D},
	Journal = {Perspectives on psychological science},
	Number = {1},
	Pages = {3--5},
	Publisher = {Sage Publications Sage CA: Los Angeles, CA},
	Title = {Amazon's Mechanical Turk: A new source of inexpensive, yet high-quality, data?},
	Volume = {6},
	Year = {2011}}

@article{Mandelkern:2018,
	Date-Added = {2018-06-14 20:27:03 +0000},
	Date-Modified = {2018-06-14 20:27:06 +0000}}

@article{Moss:2012,
	Author = {Sarah Moss},
	Date-Added = {2018-06-12 15:07:00 +0000},
	Date-Modified = {2018-06-12 15:07:00 +0000},
	Doi = {10.1111/j.1468-0068.2010.00798.x},
	Journal = {No\^{u}s},
	Number = {3},
	Pages = {561-86},
	Title = {On the pragmatics of counterfactuals},
	Volume = {46},
	Year = {2012},
	Bdsk-Url-1 = {http://dx.doi.org/10.1111/j.1468-0068.2010.00798.x}}

@article{Hawthorne:2001,
	Author = {John Hawthorne},
	Date-Added = {2018-06-12 15:06:56 +0000},
	Date-Modified = {2018-06-12 15:06:56 +0000},
	Journal = {Philosophical Studies},
	Number = {1},
	Pages = {63-79},
	Title = {Freedom in Context},
	Volume = {104},
	Year = {2001}}

@article{Mandelkern:2017b,
	Author = {Matthew Mandelkern and Ginger Schultheis and David Boylan},
	Date-Added = {2018-06-12 15:06:51 +0000},
	Date-Modified = {2018-06-12 15:06:51 +0000},
	Journal = {The Philosophical Review},
	Number = {3},
	Pages = {301-343},
	Title = {Agentive Modals},
	Volume = {126},
	Year = {2017}}

@article{knobe2013modals,
	Author = {Knobe, Joshua and Szab{\'o}, Zolt{\'a}n Gendler},
	Journal = {Semantics and Pragmatics},
	Number = {1},
	Pages = {1--42},
	Publisher = {Citeseer},
	Title = {Modals with a taste of the deontic},
	Volume = {6},
	Year = {2013}}

@article{knobe2003intentional,
	Author = {Knobe, Joshua},
	Journal = {Analysis},
	Number = {279},
	Pages = {190--194},
	Publisher = {Wiley Online Library},
	Title = {Intentional action and side effects in ordinary language},
	Volume = {63},
	Year = {2003}}

@article{pettit2009pervasive,
	Author = {Pettit, Dean and Knobe, Joshua},
	Journal = {Mind \& Language},
	Number = {5},
	Pages = {586--604},
	Publisher = {Wiley Online Library},
	Title = {The pervasive impact of moral judgment},
	Volume = {24},
	Year = {2009}}

@article{alicke1992culpable,
	Author = {Alicke, Mark D},
	Journal = {Journal of personality and social psychology},
	Number = {3},
	Pages = {368},
	Publisher = {American Psychological Association},
	Title = {Culpable causation.},
	Volume = {63},
	Year = {1992}}

@article{knobe2010person,
	Author = {Knobe, Joshua},
	Journal = {Behavioral and Brain Sciences},
	Number = {04},
	Pages = {315--329},
	Publisher = {Cambridge Univ Press},
	Title = {Person as scientist, person as moralist},
	Volume = {33},
	Year = {2010}}

@article{phillips2015unifying,
	Author = {Jonathan Phillips and Jamie B. Luguri and Joshua Knobe},
	Date-Modified = {2018-09-27 15:35:59 +0000},
	Doi = {https://doi.org/10.1016/j.cognition.2015.08.001},
	Issn = {0010-0277},
	Journal = {Cognition},
	Keywords = {Morality, Alternative possibilities, Modality},
	Number = {Supplement C},
	Pages = {30 - 42},
	Title = {Unifying morality's influence on non-moral judgments: The relevance of alternative possibilities},
	Volume = {145},
	Year = {2015},
	Bdsk-Url-1 = {http://www.sciencedirect.com/science/article/pii/S0010027715300457},
	Bdsk-Url-2 = {https://doi.org/10.1016/j.cognition.2015.08.001}}

@article{knobe2008causal,
	Author = {Knobe, Joshua and Fraser, Ben},
	Journal = {Moral psychology},
	Pages = {441--8},
	Title = {Causal judgment and moral judgment: Two experiments},
	Volume = {2},
	Year = {2008}}

@article{hitchcock2009cause,
	Author = {Hitchcock, Christopher and Knobe, Joshua},
	Journal = {The Journal of Philosophy},
	Number = {11},
	Pages = {587--612},
	Title = {Cause and norm},
	Volume = {106},
	Year = {2009}}

@article{leslie2006acting,
	Author = {Leslie, Alan M and Knobe, Joshua and Cohen, Adam},
	Journal = {Psychological Science},
	Number = {5},
	Pages = {421--427},
	Publisher = {SAGE Publications},
	Title = {Acting intentionally and the side-effect effect theory of mind and moral judgment},
	Volume = {17},
	Year = {2006}}

@inbook{cova2015intentional,
	Author = {Cova, Florian},
	Booktitle = {A Companion to Experimental Philosophy},
	Doi = {10.1002/9781118661666.ch8},
	Isbn = {9781118661666},
	Pages = {117--141},
	Publisher = {John Wiley \& Sons, Ltd},
	Title = {The Folk Concept of Intentional Action},
	Year = {2016},
	Bdsk-Url-1 = {https://doi.org/10.1002/9781118661666.ch8}}

@article{phillips2009moral,
	Author = {Phillips, Jonathan and Knobe, Joshua},
	Journal = {Psychological Inquiry},
	Number = {1},
	Pages = {30--36},
	Publisher = {Taylor \& Francis},
	Title = {Moral judgments and intuitions about freedom},
	Volume = {20},
	Year = {2009}}

@article{young2011paradox,
	Author = {Young, Liane and Phillips, Jonathan},
	Journal = {Cognition},
	Number = {2},
	Pages = {166--178},
	Publisher = {Elsevier},
	Title = {The paradox of moral focus},
	Volume = {119},
	Year = {2011}}

@article{chakroff2015harmful,
	Author = {Chakroff, Alek and Young, Liane},
	Journal = {Cognition},
	Pages = {30--37},
	Publisher = {Elsevier},
	Title = {Harmful situations, impure people: An attribution asymmetry across moral domains},
	Volume = {136},
	Year = {2015}}

@unpublished{Mandelkern:2016d,
	Author = {Matthew Mandelkern},
	Date-Added = {2016-06-23 18:56:25 +0000},
	Date-Modified = {2016-06-23 18:57:50 +0000},
	Month = {June},
	Note = {Manuscript},
	Title = {Against Shiftless Attitudes: Epistemic Modals and Attitude Ascriptions},
	Year = {2016}}

@book{Chierchia:1990,
	Address = {Cambridge, MA},
	Author = {Gennaro Chierchia and Sally McConnell-Ginet},
	Date-Added = {2016-06-22 01:28:56 +0000},
	Date-Modified = {2016-06-22 01:29:28 +0000},
	Publisher = {MIT Press},
	Title = {Meaning and Grammar},
	Year = {1990}}

@article{Martin:2016,
	Author = {Scott Martin},
	Date-Added = {2016-06-16 19:01:26 +0000},
	Date-Modified = {2016-06-16 19:01:47 +0000},
	Journal = {Semantics \& Pragmatics},
	Title = {Supplemental Update},
	Year = {2016}}

@incollection{Karttunen:1971,
	Author = {Lauri Karttunen},
	Booktitle = {Papers in Linguistics},
	Date-Added = {2016-06-12 22:23:06 +0000},
	Date-Modified = {2016-06-12 22:23:29 +0000},
	Title = {Some Observations on Factivity},
	Volume = {5},
	Year = {1971}}

@incollection{Beaver:2010,
	Author = {David Beaver},
	Booktitle = {Presuppositions and Discourse: Essays Offered to Hans Kamp},
	Date-Added = {2016-06-12 22:21:10 +0000},
	Date-Modified = {2016-06-13 16:28:40 +0000},
	Pages = {65-100},
	Publisher = {Brill},
	Title = {Have You Noticed that Your Belly Button Lint Color is Related to the Color of Your Clothing?},
	Volume = {21},
	Year = {2010}}

@incollection{Partee:1982,
	Author = {Barbara Partee and Mats Rooth},
	Booktitle = {Meaning, Use, and Interpretation},
	Date-Added = {2016-06-10 16:19:20 +0000},
	Date-Modified = {2016-06-10 16:20:42 +0000},
	Editor = {Arnim von Stechow et al.},
	Publisher = {de Gruyter},
	Title = {Generalized Conjunction and Type Ambiguity},
	Year = {1982}}

@incollection{Scott:1970,
	Author = {Dana Scott},
	Booktitle = {Philosophical Problems in Logic},
	Date-Added = {2016-06-09 15:46:50 +0000},
	Date-Modified = {2016-06-09 15:48:47 +0000},
	Editor = {K Lambert},
	Pages = {143-173},
	Publisher = {Dordrecht Reidel},
	Title = {Advice on Modal Logic},
	Year = {1970}}

@article{Montague:1970,
	Author = {Richard Montague},
	Date-Added = {2016-06-09 15:45:45 +0000},
	Date-Modified = {2016-06-09 15:46:31 +0000},
	Journal = {Theoria},
	Pages = {373-398},
	Title = {Universal Grammaar},
	Volume = {36},
	Year = {1970}}

@article{Kastner:2015,
	Author = {Itamar Kastner},
	Date-Added = {2016-06-04 16:39:48 +0000},
	Date-Modified = {2016-06-04 16:40:33 +0000},
	Journal = {Lingua},
	Pages = {156-188},
	Title = {Factivity mirrors interpretation: The selectional requirements of presuppositional verbs},
	Volume = {164},
	Year = {2015}}

@phdthesis{Uegaki:2015,
	Address = {Cambridge, Massachusetts},
	Author = {Wataru Uegaki},
	Date-Added = {2016-06-03 22:06:09 +0000},
	Date-Modified = {2016-06-03 22:06:48 +0000},
	Month = {June},
	School = {{MIT}},
	Title = {Interpreting Questions under Attitudes},
	Year = {2015}}

@phdthesis{Rooth:1985,
	Author = {Mats E. Rooth},
	Date-Added = {2016-06-02 15:32:58 +0000},
	Date-Modified = {2016-06-02 15:33:50 +0000},
	School = {University of Massachusetts at Amherst},
	Title = {Association with Focus},
	Year = {1985}}

@inproceedings{Goodhue:2016,
	Author = {Daniel Goodhue},
	Booktitle = {Proceedings of the {N}orth {E}ast {L}inguistic {S}ociety ({NELS})},
	Date-Added = {2016-06-01 14:49:37 +0000},
	Date-Modified = {2016-06-01 14:50:36 +0000},
	Title = {Epistemic {\emph{must}} is not evidential, it's epistemic},
	Volume = {46},
	Year = {2016}}

@article{Kripke:2009,
	Author = {Saul A. Kripke},
	Date-Added = {2016-06-01 01:30:27 +0000},
	Date-Modified = {2016-06-01 01:31:10 +0000},
	Journal = {Linguistic Inquiry},
	Number = {3},
	Pages = {367-386},
	Title = {Presupposition and Anaphora: Remarks on the Formulation of the Projection Problem},
	Volume = {40},
	Year = {2009}}

@unpublished{Schlenker:2016,
	Author = {Philippe Schlenker},
	Date-Added = {2016-05-28 16:39:16 +0000},
	Date-Modified = {2016-05-28 16:42:51 +0000},
	Month = {February},
	Note = {Manuscript},
	Title = {Role Shift, Iconicity and Quotation in Sign Language},
	Year = {2016}}

@unpublished{Bledin:2016,
	Author = {Justin Bledin and Kyle Rawlins},
	Date-Added = {2016-05-27 17:18:57 +0000},
	Date-Modified = {2016-05-27 17:19:22 +0000},
	Month = {May},
	Note = {Presentation at SALT 26},
	Title = {Epistemic Resistance Moves},
	Year = {2016}}

@unpublished{Bledin:2015,
	Author = {Justin Bledin and Tamar Lando},
	Date-Added = {2016-05-27 16:46:27 +0000},
	Date-Modified = {2016-05-27 16:46:55 +0000},
	Month = {July},
	Note = {Manuscript},
	Title = {Closure and Epistemic Modals},
	Year = {2015}}

@article{Willer:2013,
	Author = {Malte Willer},
	Date-Added = {2016-05-27 16:03:13 +0000},
	Date-Modified = {2016-05-27 16:03:18 +0000},
	Journal = {Philosophical Review},
	Number = {1},
	Pages = {45-92},
	Title = {Dynamics of Epistemic Modality},
	Volume = {122},
	Year = {2013}}

@incollection{Stalnaker:1974,
	Address = {New York},
	Author = {Robert Stalnaker},
	Booktitle = {Semantics and Philosophy},
	Date-Added = {2016-05-27 14:46:49 +0000},
	Date-Modified = {2016-05-27 14:46:55 +0000},
	Editor = {Milton K. Munitz and Peter Unger},
	Pages = {197-213},
	Publisher = {New York University Press},
	Title = {Pragmatic Presuppositions},
	Year = {1974}}

@article{Karttunen:1974,
	Author = {Lauri Karttunen},
	Date-Added = {2016-05-27 14:45:27 +0000},
	Date-Modified = {2016-05-27 14:45:33 +0000},
	Doi = {10.1515/thli.1974.1.1-3.181},
	Journal = {Theoretical Linguistics},
	Number = {1-3},
	Pages = {181-194},
	Title = {Presuppositions and Linguistic Context},
	Volume = {1},
	Year = {1974},
	Bdsk-Url-1 = {http://dx.doi.org/10.1515/thli.1974.1.1-3.181}}

@incollection{Sudo:2014,
	Author = {Yasutada Sudo},
	Booktitle = {The Art and Craft of Semantics: A Festschrift for Irene Heim},
	Date-Added = {2016-05-27 14:43:37 +0000},
	Date-Modified = {2016-05-27 14:43:44 +0000},
	Editor = {Luka Crni\v{c} and Uli Sauerland},
	Pages = {175-199},
	Publisher = {MITWPL 71},
	Title = {Presupposition Satisfaction in Attitude Contexts and Modal Subordination},
	Volume = {2},
	Year = {2014}}

@incollection{Beaver:2014,
	Author = {David I. Beaver and Bart Geurts},
	Booktitle = {The {S}tanford Encyclopedia of Philosophy},
	Date-Added = {2016-05-27 14:40:31 +0000},
	Date-Modified = {2016-05-27 14:41:54 +0000},
	Editor = {Edward N. Zalta},
	Publisher = {\url{http://plato.stanford.edu/archives/win2014/entries/presupposition/}},
	Title = {Presupposition},
	Year = {2014}}

@article{Stalnaker:1975,
	Author = {Robert Stalnaker},
	Date-Added = {2016-05-27 02:20:23 +0000},
	Date-Modified = {2016-05-27 02:20:29 +0000},
	Journal = {Philosophia},
	Number = {3},
	Pages = {269-86},
	Title = {Indicative Conditionals},
	Volume = {5},
	Year = {1975}}

@incollection{Fintel:1998,
	Address = {Cambridge, Massachusetts},
	Author = {{von Fintel}, Kai},
	Booktitle = {The Interpretive Tract(25)},
	Date-Added = {2016-05-27 02:20:10 +0000},
	Date-Modified = {2016-05-27 02:20:10 +0000},
	Editor = {Percus, Orin and Sauerland, Uli},
	Keywords = {library},
	Pages = {29--44},
	Publisher = {MIT, Department of Linguistics},
	Title = {The Presupposition of Subjunctive Conditionals},
	Year = {1998}}

@article{Gillies:2009,
	Author = {Gillies, Anthony},
	Date-Added = {2016-05-27 02:20:02 +0000},
	Date-Modified = {2016-05-27 02:20:02 +0000},
	Journal = {Philosophical Review},
	Number = {3},
	Pages = {325-349},
	Title = {On the truth conditions of If (but not quite Only if)},
	Volume = {118},
	Year = {2009}}

@article{Schlenker:2003,
	Author = {Philippe Schlenker},
	Date-Added = {2016-05-26 22:34:24 +0000},
	Date-Modified = {2016-05-26 22:34:43 +0000},
	Journal = {Linguistics and Philosophy},
	Pages = {29-120},
	Title = {A Plea for Monsters},
	Volume = {26},
	Year = {2003}}

@incollection{Kratzer:1981,
	Author = {Angelika Kratzer},
	Booktitle = {Words, Worlds, and Contexts: New Approaches in Word Semantics},
	Date-Added = {2016-05-26 19:29:03 +0000},
	Date-Modified = {2016-05-26 19:29:09 +0000},
	Editor = {H. Eikmeyer and H. Rieser},
	Publisher = {de Gruyter},
	Title = {The Notional Category of Modality},
	Year = {1981}}

@unpublished{Beddor:2016,
	Author = {Bob Beddor and Simon Goldstein},
	Date-Added = {2016-05-26 01:21:11 +0000},
	Date-Modified = {2016-05-26 01:22:24 +0000},
	Month = {March},
	Note = {Presented at the Central APA},
	Title = {Believing Epistemic Contradictions},
	Year = {2016}}

@inproceedings{Rothschild:2011,
	Author = {Daniel Rothschild},
	Booktitle = {Proceedings of the Aristotelian Society},
	Date-Added = {2016-05-25 16:53:44 +0000},
	Date-Modified = {2016-05-25 16:53:49 +0000},
	Number = {1},
	Pages = {99-114},
	Title = {Expressing Credences},
	Volume = {112},
	Year = {2011}}

@article{Heim:1992,
	Author = {Irene Heim},
	Date-Added = {2016-05-25 02:29:39 +0000},
	Date-Modified = {2016-05-25 02:29:45 +0000},
	Doi = {10.1093/jos/9.3.183},
	Journal = {Journal of Semantics},
	Number = {3},
	Pages = {183-221},
	Title = {Presupposition Projection and the Semantics of Attitude Verbs},
	Volume = {9},
	Year = {1992},
	Bdsk-Url-1 = {http://dx.doi.org/10.1093/jos/9.3.183}}

@incollection{MacFarlane:2011,
	Author = {John MacFarlane},
	Booktitle = {Epistemic Modality},
	Date-Added = {2016-05-25 02:25:05 +0000},
	Date-Modified = {2016-05-25 02:25:11 +0000},
	Editor = {Andy Egan and Brian Weatherson},
	Publisher = {Oxford University Press},
	Title = {Epistemic Modals Are Assessment Sensitive},
	Year = {2011}}

@misc{Ippolito:2016,
	Author = {Michela Ippolito},
	Date-Added = {2016-05-24 16:02:02 +0000},
	Date-Modified = {2016-05-24 16:02:40 +0000},
	Howpublished = {Handout at TOM 9 at McGill},
	Month = {April},
	Title = {Constraints on the embeddability of epistemic modals},
	Year = {2016}}

@article{Anand:2013,
	Author = {Pranav Anand and Valentine Hacquard},
	Date-Added = {2016-05-24 15:40:38 +0000},
	Date-Modified = {2016-05-24 15:41:07 +0000},
	Journal = {Semantics \& Pragmatics},
	Number = {8},
	Pages = {1-59},
	Title = {Epistemics and attitudes},
	Volume = {6},
	Year = {2013}}

@article{Lasersohn:2009,
	Author = {Peter Lasersohn},
	Date-Added = {2016-05-22 22:14:04 +0000},
	Date-Modified = {2016-05-22 22:14:08 +0000},
	Journal = {Synthese},
	Pages = {359-374},
	Title = {Relative truth, speaker commitment, and control of implicit arguments},
	Volume = {166},
	Year = {2009}}

@misc{Yalcin:2016,
	Author = {Seth Yalcin},
	Date-Added = {2016-05-22 21:55:03 +0000},
	Date-Modified = {2016-06-13 20:28:57 +0000},
	Howpublished = {Handout at Stalnakerfest, MIT},
	Month = {April},
	Title = {Iffy Knowledge},
	Year = {2016}}

@article{Kratzer:1986,
	Author = {Angelika Kratzer},
	Date-Added = {2016-05-22 21:16:21 +0000},
	Date-Modified = {2016-05-22 21:16:29 +0000},
	Journal = {Chicago Linguistics Society},
	Number = {2},
	Pages = {1-15},
	Title = {Conditionals},
	Volume = {22},
	Year = {1986}}

@article{Kiparsky:1970,
	Author = {Kiparsky, Paul and Kiparsky, C},
	Date-Added = {2016-05-22 20:57:27 +0000},
	Date-Modified = {2016-05-22 20:57:27 +0000},
	Journal = {In M. Bierwisch and K.E. Heidolph (eds), Progress in Linguistics, pp. 143-73, The Hague: Mouton, 1970. .},
	Title = {Fact},
	Year = {1970}}

@incollection{Langendoen:1971,
	Author = {D. Terence Langendoen and Harris Savin},
	Booktitle = {Studies in Linguistic Semantics},
	Date-Added = {2016-05-07 16:20:11 +0000},
	Date-Modified = {2016-05-07 16:20:11 +0000},
	Editor = {Charles J. Fillmore and D. Terence Langendoen},
	Pages = {54-60},
	Publisher = {Irvington},
	Title = {The projection problem for presuppositions},
	Year = {1971}}

@unpublished{Mandelkern:2016e,
	Author = {Matthew Mandelkern and Ginger Schultheis and David Boylan},
	Date-Added = {2016-06-24 20:59:15 +0000},
	Date-Modified = {2016-06-24 20:59:53 +0000},
	Month = {April},
	Note = {Manuscript},
	Title = {Practical Modals},
	Year = {2016}}

@inproceedings{Mandelkern:2015,
	Author = {Matthew Mandelkern and Ginger Schultheis and David Boylan},
	Booktitle = {20th Amsterdam Colloquium},
	Date-Added = {2016-06-24 20:31:47 +0000},
	Date-Modified = {2016-06-24 20:32:58 +0000},
	Pages = {256-265},
	Title = {I Believe I Can {$\varphi$}},
	Year = {2015}}

@unpublished{Fintel:2016,
	Author = {{\SortNoop{Fintel}}von Fintel, Kai and Anthony Gillies},
	Date-Added = {2016-05-05 22:08:09 +0000},
	Date-Modified = {2016-05-05 22:15:26 +0000},
	Month = {March},
	Note = {Notes presented at 5th Annual OSU Philosophy/Linguistics Workshop, {http://mit.edu/fintel/kt-osu-notes.pdf}},
	Title = {Still going strong: The semantics and pragmatics of epistemic {\emph{must}}},
	Year = {2016}}

@inproceedings{Sauerland:2000,
	Author = {Uli Sauerland},
	Booktitle = {Proceedings of the {Tsukuba Workshop on Determiners and Quantifiers}},
	Date-Added = {2016-05-04 22:18:25 +0000},
	Date-Modified = {2016-05-04 22:19:44 +0000},
	Number = {415-444},
	Publisher = {Tsukuba University},
	Title = {No {`no'}: On the crosslinguistic absence of a determiner {`no'}},
	Year = {2000}}

@article{Ninan:2010,
	Author = {Dilip Ninan},
	Date-Added = {2016-05-02 15:35:12 +0000},
	Date-Modified = {2016-05-02 15:35:43 +0000},
	Journal = {Linguistics and Philosophy},
	Pages = {355-380},
	Title = {Semantics and the Objects of Assertion},
	Volume = {33},
	Year = {2010}}

@book{Lewis:1973,
	Author = {David Lewis},
	Date-Added = {2016-06-24 20:02:53 +0000},
	Date-Modified = {2016-06-24 20:03:59 +0000},
	Publisher = {Oxford: Blackwell},
	Title = {Counterfactuals},
	Year = {1973}}

@incollection{Lewis:1980,
	Author = {David Lewis},
	Booktitle = {Philosophy and Grammar},
	Date-Added = {2016-05-02 15:35:02 +0000},
	Date-Modified = {2016-05-02 15:35:08 +0000},
	Editor = {S. Kanger and S. Ohman},
	Pages = {79-100},
	Publisher = {D. Reidel},
	Title = {Index, Context, and Content},
	Year = {1980}}

@article{Rabern:2013,
	Author = {Brian Rabern},
	Date-Added = {2016-04-28 18:40:39 +0000},
	Date-Modified = {2016-05-07 14:54:04 +0000},
	Journal = {Philosophical Studies},
	Pages = {393-404},
	Title = {Monsters in {Kaplan's} logic of demonstratives},
	Volume = {164},
	Year = {2013}}

@article{Schlenker:2009,
	Author = {Philippe Schlenker},
	Date-Added = {2016-04-27 17:13:28 +0000},
	Date-Modified = {2016-04-27 17:13:33 +0000},
	Doi = {10.3765/sp.2.3},
	Journal = {Semantics and Pragmatics},
	Number = {3},
	Pages = {1-78},
	Title = {Local Contexts},
	Volume = {2},
	Year = {2009},
	Bdsk-Url-1 = {http://dx.doi.org/10.3765/sp.2.3}}

@article{Schlenker:2008,
	Author = {Philippe Schlenker},
	Date-Added = {2016-04-27 17:13:06 +0000},
	Date-Modified = {2016-04-27 17:13:11 +0000},
	Doi = {10.1515/THLI.2008.013},
	Journal = {Theoretical Linguistics},
	Number = {3},
	Pages = {157-212},
	Title = {Be articulate: a pragmatic theory of presupposition projection},
	Volume = {34},
	Year = {2008},
	Bdsk-Url-1 = {http://dx.doi.org/10.1515/THLI.2008.013}}

@inproceedings{Heim:1983,
	Author = {Irene Heim},
	Booktitle = {The Second West Coast Conference on Formal Linguistics ({WCCFL})},
	Date-Added = {2016-04-27 17:12:08 +0000},
	Date-Modified = {2016-04-27 17:12:49 +0000},
	Doi = {10.1002/9780470758335.ch10},
	Editor = {Michael Barlow and Daniel P. Flickinger and Nancy Wiegand},
	Organization = {Stanford},
	Pages = {114-125},
	Publisher = {Stanford University Press},
	Title = {On the Projection Problem for Presuppositions},
	Volume = {2},
	Year = {1983},
	Bdsk-Url-1 = {http://dx.doi.org/10.1002/9780470758335.ch10}}

@inproceedings{Kalman:1990,
	Author = {L\'aszl\'o K\'alm\'an},
	Booktitle = {Papers from the Second Symposium on Logic and Language},
	Date-Added = {2016-04-27 16:12:52 +0000},
	Date-Modified = {2016-04-27 16:14:43 +0000},
	Editor = {L\'aszl\'o K\'alm\'an and L\'aszl\'o P\'olos},
	Pages = {125-157},
	Title = {Deferred Information: The Semantics of Commitment},
	Year = {1990}}

@article{Mandelkern:2016b,
	Author = {Matthew Mandelkern},
	Date-Added = {2016-04-27 01:32:42 +0000},
	Date-Modified = {2016-04-28 13:41:25 +0000},
	Doi = {10.3765/sp.9.13},
	Journal = {Semantics \& Pragmatics},
	Number = {13},
	Title = {A Note on the Architecture of Presupposition},
	Volume = {9},
	Year = {2016},
	Bdsk-Url-1 = {http://dx.doi.org/10.3765/sp.9.13.}}

@article{Szabo:2016,
	Author = {Zolt\'an Gendler Szab\'o},
	Date-Added = {2016-04-02 22:10:47 +0000},
	Date-Modified = {2016-04-02 22:11:14 +0000},
	Journal = {Philosophical Studies},
	Title = {Prospective Interpretation},
	Year = {2016}}

@unpublished{Mandelkern:2016a,
	Author = {Matthew Mandelkern},
	Date-Added = {2016-03-30 17:38:29 +0000},
	Date-Modified = {2016-05-22 22:18:45 +0000},
	Note = {Presented at SALT 26},
	Title = {Dissatisfaction Theory},
	Year = {2016}}

@inproceedings{Katzir:2013,
	Author = {Roni Katzir and Raj Singh},
	Booktitle = {Proceedings of Sinn und Bedeutung 18},
	Date-Added = {2016-02-27 17:00:55 +0000},
	Date-Modified = {2016-02-27 17:00:55 +0000},
	Editor = {Urtzi Etxeberria and Anamaria F\v{a}l\v{a}u\c{s} and Aritz Irurtzun and Bryan Leferman},
	Title = {Hurford disjunctions: embedded exhaustification and structural economy},
	Year = {2013}}

@phdthesis{Aloni:2001,
	Address = {Amsterdam},
	Author = {Maria D. Aloni},
	Date-Added = {2016-02-24 04:18:22 +0000},
	Date-Modified = {2016-02-24 04:20:00 +0000},
	Month = {January},
	School = {University of Amsterdam},
	Title = {Quantification Under Conceptual Covers},
	Year = {2001}}

@unpublished{RothschildKlinedinst,
	Author = {Daniel Rothschild and Nathan Klinedinst},
	Date-Added = {2016-02-24 02:01:07 +0000},
	Date-Modified = {2016-02-24 02:03:24 +0000},
	Note = {Handout},
	Title = {Quantified Epistemic Modality},
	Year = {Accessed 2016}}

@incollection{Krifka:1995,
	Address = {Chicago},
	Author = {Manfred Krifka and Francis Jeffry Pelletier and Gregory N. Carlson and Alice ter Meulen and Godehard Link and Gennaro Chierchia},
	Booktitle = {The Generics Book},
	Date-Added = {2016-02-23 22:43:03 +0000},
	Date-Modified = {2016-02-23 22:44:29 +0000},
	Editor = {Gregory N. Carlson and Francis Jeffry Pelletier},
	Pages = {1-124},
	Publisher = {University of Chicago Press},
	Title = {Genericity: An Introduction},
	Year = {1995}}

@incollection{Giannikidou:2016,
	Author = {Anastasia Giannakidou and Alda Mari},
	Booktitle = {Mood, Aspect and Modality: What is a Linguistic Category?},
	Date-Added = {2016-02-23 19:27:22 +0000},
	Date-Modified = {2016-02-23 19:28:59 +0000},
	Editor = {J. Blaszack and A. Giannikidou and D. Klimek-Jankowska and K. Mygdalski},
	Publisher = {University of Chicago Press},
	Title = {Epistemic future and epistemic {MUST}: nonveridicality, evidence, and partial knowledge},
	Year = {2016}}

@unpublished{Klinedinst:2014,
	Author = {Nathan Klinedinst and Daniel Rothschild},
	Date-Added = {2016-02-22 03:22:12 +0000},
	Date-Modified = {2016-02-22 03:23:19 +0000},
	Month = {August},
	Note = {Handout},
	Title = {Epistemic contradictions: why idempotence is hygienic},
	Year = {2014}}

@article{Katzir:2007,
	Author = {Roni Katzir},
	Date-Added = {2016-02-20 19:18:56 +0000},
	Date-Modified = {2016-02-20 19:19:23 +0000},
	Journal = {Linguistics and Philosophy},
	Pages = {669-690},
	Title = {Structurally-defined alternatives},
	Volume = {30},
	Year = {2007}}

@article{Faller:2012,
	Author = {Martina Faller},
	Date-Added = {2016-02-20 18:20:37 +0000},
	Date-Modified = {2016-02-20 18:21:03 +0000},
	Journal = {Linguistics and Philosophy},
	Pages = {285-312},
	Title = {Evidential Scalar Implicatures},
	Volume = {35},
	Year = {2012}}

@unpublished{Mandelkern:2016c,
	Author = {Matthew Mandelkern and Jacopo Romoli},
	Date-Added = {2016-02-17 04:31:57 +0000},
	Date-Modified = {2016-05-27 14:50:42 +0000},
	Month = {January},
	Note = {Manuscript},
	Title = {Parsing and presuppositions in the calculation of local contexts},
	Year = {2016}}

@unpublished{MandelkernRomoli:2016,
	Author = {Matthew Mandelkern and Jacopo Romoli},
	Date-Added = {2016-02-17 04:31:57 +0000},
	Date-Modified = {2016-02-17 04:32:18 +0000},
	Month = {January},
	Note = {Manuscript},
	Title = {Parsing and presuppositions in the calculation of local contexts},
	Year = {2016}}

@article{Chemla:2011,
	Author = {Chemla, Emmanuel and Schlenker, Philippe},
	Date-Added = {2016-02-17 04:13:25 +0000},
	Date-Modified = {2016-02-17 04:13:25 +0000},
	Journal = {Natural {L}anguage {S}emantics},
	Title = {Incremental vs symmetric accounts of presupposition projection: an experimental approach},
	Year = {2012}}

@article{Michaelson:2016,
	Author = {Eliot Michaelson},
	Date-Added = {2016-02-15 17:09:14 +0000},
	Date-Modified = {2016-02-15 17:09:59 +0000},
	Journal = {Mind and Language},
	Title = {The Lying Test},
	Year = {2016}}

@article{Willett:1988,
	Author = {Thomas Willett},
	Date-Added = {2016-02-12 16:34:09 +0000},
	Date-Modified = {2016-02-12 16:34:42 +0000},
	Journal = {Studies in Language},
	Number = {1},
	Pages = {51-97},
	Title = {A cross-linguistic survey of the grammaticalization of evidentiality},
	Volume = {12},
	Year = {1988}}

@article{Willett1988,
	Author = {Thomas Willett},
	Date-Added = {2016-02-12 16:34:09 +0000},
	Date-Modified = {2016-02-12 16:34:42 +0000},
	Journal = {Studies in Language},
	Number = {1},
	Pages = {51-97},
	Title = {A cross-linguistic survey of the grammaticalization of evidentiality},
	Volume = {12},
	Year = {1988}}

@article{Mayr:2015,
	Author = {Mayr, Clemens and Romoli, Jacopo},
	Date-Added = {2016-02-09 17:39:10 +0000},
	Date-Modified = {2016-02-09 17:40:29 +0000},
	Journal = {Semantics and {P}ragmatics},
	Title = {A puzzle for theories of redundancy: Exhaustification, incrementality, and the notion of local context},
	Year = {2016}}

@article{Fox:2008,
	Author = {Fox, Danny},
	Date-Added = {2016-02-09 17:38:29 +0000},
	Date-Modified = {2016-02-17 20:39:50 +0000},
	Journal = {Theoretical Linguistics},
	Number = {3},
	Pages = {237-252},
	Title = {Two short notes on {Schlenker's} theory of presupposition projection},
	Volume = {34},
	Year = {2008}}

@article{Lassiter:2016,
	Author = {Daniel Lassiter},
	Date-Added = {2016-02-09 17:16:40 +0000},
	Date-Modified = {2016-02-09 17:16:40 +0000},
	Journal = {Natural Language Semantics},
	Title = {{\emph{Must}}, knowledge, and (in)directness},
	Year = {2016}}

@article{Lassiter2016,
	Author = {Daniel Lassiter},
	Date-Added = {2016-02-09 17:16:40 +0000},
	Date-Modified = {2016-02-09 17:16:40 +0000},
	Journal = {Natural Language Semantics},
	Title = {{\emph{Must}}, knowledge, and (in)directness},
	Year = {2016}}

@incollection{Matthewson:2015,
	Address = {New York},
	Author = {Lisa Matthewson},
	Booktitle = {Epistemic Indefinites},
	Date-Added = {2016-02-09 02:08:08 +0000},
	Date-Modified = {2016-02-09 02:08:57 +0000},
	Editor = {L. Alonso-Ovalle and P. Menendez-Benito},
	Publisher = {Oxford University Press},
	Title = {Evidential Restrictions on Epistemic Modals},
	Year = {2015}}

@incollection{Matthewson2015,
	Address = {New York},
	Author = {Lisa Matthewson},
	Booktitle = {Epistemic Indefinites},
	Date-Added = {2016-02-09 02:08:08 +0000},
	Date-Modified = {2016-02-09 02:08:57 +0000},
	Editor = {L. Alonso-Ovalle and P. Menendez-Benito},
	Publisher = {Oxford University Press},
	Title = {Evidential Restrictions on Epistemic Modals},
	Year = {2015}}

@unpublished{Sherman:2016,
	Author = {Brett Sherman},
	Date-Added = {2016-02-09 02:07:30 +0000},
	Date-Modified = {2016-02-09 02:07:57 +0000},
	Note = {Manuscript},
	Title = {Open Questions and Epistemic Necessity},
	Year = {2016}}

@unpublished{Sherman16,
	Author = {Brett Sherman},
	Date-Added = {2016-02-09 02:07:30 +0000},
	Date-Modified = {2016-02-09 02:07:57 +0000},
	Note = {Manuscript},
	Title = {Open Questions and Epistemic Necessity},
	Year = {2016}}

@inproceedings{Rothschild:2011a,
	Author = {Daniel Rothschild},
	Booktitle = {Proceedings of the Aristotelian Society},
	Date-Added = {2016-01-31 03:18:00 +0000},
	Date-Modified = {2016-01-31 03:21:09 +0000},
	Number = {1},
	Pages = {99-114},
	Title = {Expressing Credences},
	Volume = {112},
	Year = {2011}}

@inproceedings{Rothschild11a,
	Author = {Daniel Rothschild},
	Booktitle = {Proceedings of the Aristotelian Society},
	Date-Added = {2016-01-31 03:18:00 +0000},
	Date-Modified = {2016-01-31 03:21:09 +0000},
	Number = {1},
	Pages = {99-114},
	Title = {Expressing Credences},
	Volume = {112},
	Year = {2011}}

@article{Yanovich:2013,
	Author = {Igor Yanovich},
	Date-Added = {2016-01-23 22:56:41 +0000},
	Date-Modified = {2016-01-23 22:58:21 +0000},
	Journal = {Journal of Semantics},
	Number = {1},
	Pages = {67-114},
	Title = {Standard Contextualism Strikes Back},
	Volume = {31},
	Year = {2013}}

@article{Yanovich13,
	Author = {Igor Yanovich},
	Date-Added = {2016-01-23 22:56:41 +0000},
	Date-Modified = {2016-01-23 22:58:21 +0000},
	Journal = {Journal of Semantics},
	Number = {1},
	Pages = {67-114},
	Title = {Standard Contextualism Strikes Back},
	Volume = {31},
	Year = {2013}}

@incollection{Kratzer:2012,
	Author = {Angelika Kratzer},
	Booktitle = {Modals and Conditionals},
	Date-Added = {2016-01-23 15:49:08 +0000},
	Date-Modified = {2016-01-23 15:50:57 +0000},
	Pages = {86-108},
	Publisher = {Oxford University Press},
	Title = {Conditionals},
	Year = {2012}}

@incollection{KratzerConditionals12,
	Author = {Angelika Kratzer},
	Booktitle = {Modals and Conditionals},
	Date-Added = {2016-01-23 15:49:08 +0000},
	Date-Modified = {2016-01-23 15:50:57 +0000},
	Pages = {86-108},
	Publisher = {Oxford University Press},
	Title = {Conditionals},
	Year = {2012}}

@inproceedings{Ciardelli2009,
	Author = {Ivano Ciardelli and Jeroen Groenendijk and Floris Roelofsen},
	Booktitle = {Proceedings of SALT 19},
	Date-Added = {2016-01-10 17:30:08 +0000},
	Date-Modified = {2016-01-10 17:31:50 +0000},
	Editor = {Ed Cormany and Satoshi Ito and David Lutz},
	Pages = {91-108},
	Title = {Attention! {\textit{Might}} in Inquisitive Semantics},
	Year = {2009}}

@incollection{FintelFrance,
	Author = {{\SortNoop{Fintel}}von Fintel, Kai},
	Booktitle = {Descriptions and Beyond},
	Date-Added = {2016-01-09 01:35:55 +0000},
	Date-Modified = {2016-01-09 02:34:56 +0000},
	Editor = {Marga Reimer and Anne Bezuidenhout},
	Publisher = {Oxford University Press},
	Title = {Would you believe it? The King of France is Back! (Presuppositions and Truth-Value Intuitions},
	Year = {2004}}

@incollection{AssertionSEP,
	Author = {Peter Pagin},
	Booktitle = {The {S}tanford Encyclopedia of Philosophy},
	Date-Added = {2016-01-07 15:32:48 +0000},
	Date-Modified = {2016-01-14 03:54:10 +0000},
	Editor = {Edward N. Zalta},
	Publisher = {http://plato.stanford.edu/cgi-bin/encyclopedia/archinfo.cgi?entry=assertion},
	Title = {Assertion},
	Year = {2015}}

@inproceedings{Ninan2014,
	Author = {Dilip Ninan},
	Booktitle = {Proceedings of SALT 24},
	Date-Added = {2016-01-05 18:14:38 +0000},
	Date-Modified = {2016-01-08 21:42:17 +0000},
	Editor = {Todd Snider and Sarah D'Antonio and Mia Weigand},
	Pages = {290-309},
	Title = {Taste predicates and the acquaintance inference},
	Year = {2014}}

@article{HawthorneMagidor,
	Author = {John Hawthorne and Ofra Magidor},
	Date-Added = {2016-01-05 00:36:27 +0000},
	Date-Modified = {2016-01-05 00:37:15 +0000},
	Journal = {Mind},
	Number = {470},
	Pages = {377-397},
	Title = {Assertion, Context, and Epistemic Accessibility},
	Volume = {118},
	Year = {2009}}

@article{HacquardWellwood,
	Author = {Valentine Hacquard and Alexis Wellwood},
	Date-Added = {2015-12-30 19:47:35 +0000},
	Date-Modified = {2015-12-30 19:51:44 +0000},
	Journal = {Semantics and Pragmatics},
	Number = {4},
	Pages = {1-29},
	Title = {Embedding epistemic modals in {English}: A corpus-based study},
	Volume = {5},
	Year = {2012}}

@book{Hintikka62,
	Address = {Ithaca, NY},
	Author = {Jaakko Hintikka},
	Date-Added = {2015-12-29 14:33:54 +0000},
	Date-Modified = {2015-12-29 14:34:57 +0000},
	Publisher = {Cornell University Press},
	Title = {Knowledge and Belief: An Introduction to the Logic of Two Notions},
	Year = {1962}}

@unpublished{Moss2016,
	Author = {Sarah Moss},
	Date-Added = {2015-12-29 13:59:49 +0000},
	Date-Modified = {2015-12-29 14:00:27 +0000},
	Month = {December},
	Note = {Manuscript, University of Michigan},
	Title = {Probabilistic Knowledge},
	Year = {2015}}

@article{Rooth92,
	Author = {Mats E. Rooth},
	Date-Added = {2015-12-29 02:42:17 +0000},
	Date-Modified = {2015-12-29 02:42:45 +0000},
	Journal = {Natural Language Semantics},
	Number = {1},
	Pages = {75-116},
	Title = {A theory of focus interpretation},
	Volume = {1},
	Year = {1992}}

@inproceedings{Zehr15,
	Author = {J\'er\'emy Zehr and Cory Bill and Lyn Tieu and Jacopo Romoli and Florian Schwarz},
	Booktitle = {Proceedings of the 20th Amsterdam Colloquium},
	Date-Added = {2015-12-19 11:38:57 +0000},
	Date-Modified = {2015-12-19 11:40:11 +0000},
	Editor = {Thomas Brochhagen and Floris Roelofsen and Nadine Theiler},
	Pages = {448-457},
	Title = {Existential Presupposition Projection from \textit{none}? An Experimental Investigation},
	Year = {2015}}

@inproceedings{MayrSauerland15,
	Author = {Clemens Mayr and Uli Sauerland},
	Booktitle = {Proceedings of the 20th Amsterdam Colloquium},
	Date-Added = {2015-12-19 11:35:20 +0000},
	Date-Modified = {2015-12-20 19:03:44 +0000},
	Editor = {Thomas Brochhagen and Floris Roelofsen and Nadine Theiler},
	Pages = {276-285},
	Title = {Accommodation and the Strongest Meaning Hypothesis},
	Year = {2015}}

@book{Schwarz15,
	Date-Added = {2015-12-11 01:41:03 +0000},
	Date-Modified = {2015-12-11 01:42:07 +0000},
	Editor = {Florian Schwarz},
	Publisher = {Springer},
	Series = {Studies in Theoretical Psycholinguistics},
	Title = {{Experimental Perspectives on Presuppositions}},
	Volume = {45},
	Year = {2015}}

@inproceedings{AnderBois10,
	Author = {Scott AnderBois and Adrian Brasoveanu and Robert Henderson},
	Booktitle = {Proceedings of Semantics and Linguistic Theory},
	Date-Added = {2015-12-01 00:40:08 +0000},
	Date-Modified = {2015-12-20 19:05:43 +0000},
	Editor = {Nan Li and David Lutz},
	Pages = {328-346},
	Title = {Crossing the Appositive / At-issue Meaning Boundary},
	Volume = {20},
	Year = {2010}}

@article{Maier15,
	Author = {Emar Maier},
	Date-Added = {2015-11-27 19:19:32 +0000},
	Date-Modified = {2015-11-27 19:19:57 +0000},
	Journal = {Linguistics and Philosophy},
	Pages = {205-236},
	Title = {Parasitic attitudes},
	Volume = {38},
	Year = {2015}}

@incollection{Swanson11,
	Address = {Berlin},
	Author = {Eric Swanson},
	Booktitle = {Semantics: An International Handbook of Natural Language Meaning},
	Date-Added = {2015-11-24 20:44:47 +0000},
	Date-Modified = {2015-11-24 20:46:13 +0000},
	Editor = {Claudia Maienborn and Klaus von Heusinger and Paul Portner},
	Pages = {1538-1561},
	Publisher = {de Gruyter},
	Title = {Propositional Attitudes},
	Year = {2011}}

@unpublished{Yablo16,
	Author = {Stephen Yablo},
	Date-Added = {2015-11-24 16:28:19 +0000},
	Date-Modified = {2015-11-24 16:29:41 +0000},
	Month = {November},
	Note = {Manuscript},
	Title = {Implication, Evidence, and Subject Matter},
	Year = {2015}}

@phdthesis{Gajewski05,
	Author = {Jon Robert Gajewski},
	Date-Added = {2015-11-23 17:32:02 +0000},
	Date-Modified = {2015-11-23 17:33:04 +0000},
	Month = {September},
	School = {MIT},
	Title = {Neg-Raising: Polarity and Presupposition},
	Year = {2005}}

@inproceedings{Heim00,
	Author = {Irene Heim},
	Booktitle = {Proceedings of Semantics and Linguistic Theory},
	Date-Added = {2015-11-23 17:32:00 +0000},
	Date-Modified = {2015-11-23 17:33:55 +0000},
	Editor = {B. Jackson and T. Matthews},
	Pages = {40-64},
	Title = {Degree operators and scope},
	Volume = {10},
	Year = {2000}}

@inproceedings{Abusch02,
	Author = {Dorit Abusch},
	Booktitle = {Proceedings of Semantics and Linguistic Theory},
	Date-Added = {2015-11-23 17:14:28 +0000},
	Date-Modified = {2015-11-23 17:34:47 +0000},
	Editor = {B. Jackson},
	Pages = {1-19},
	Title = {Lexical alternatives as a source of pragmatic presupposition},
	Volume = {12},
	Year = {2002}}

@article{YabloConceivability,
	Author = {Stephen Yablo},
	Date-Added = {2015-11-20 17:55:16 +0000},
	Date-Modified = {2015-11-20 17:57:47 +0000},
	Journal = {Philosophy and Phenomenological Research},
	Number = {1},
	Pages = {1-42},
	Title = {Is Conceivability a Guide to Possibility?},
	Volume = {53},
	Year = {1993}}

@book{NicomacheanEthics,
	Address = {Oxford},
	Author = {Aristotle},
	Date-Added = {2015-11-18 23:01:55 +0000},
	Date-Modified = {2015-11-27 22:28:24 +0000},
	Editor = {Sarah Broadie and Christopher Rowe},
	Publisher = {Oxford University Press},
	Title = {Nicomachean Ethics},
	Year = {2002}}

@incollection{Sudo14,
	Author = {Yasutada Sudo},
	Booktitle = {The Art and Craft of Semantics: A Festschrift for Irene Heim},
	Date-Added = {2015-11-16 00:47:17 +0000},
	Date-Modified = {2015-12-20 11:21:41 +0000},
	Editor = {Luka Crni\v{c} and Uli Sauerland},
	Pages = {175-199},
	Publisher = {MITWPL 71},
	Title = {Presupposition Satisfaction in Attitude Contexts and Modal Subordination},
	Volume = {2},
	Year = {2014}}

@inproceedings{Albritton85,
	Author = {Rogers Albritton},
	Booktitle = {Proceedings and Addresses of the American Philosophical Association},
	Date-Added = {2015-11-10 15:52:18 +0000},
	Date-Modified = {2015-11-10 15:53:18 +0000},
	Number = {2},
	Pages = {239-251},
	Publisher = {American Philosophical Association},
	Title = {Freedom of Will and Freedom of Action},
	Volume = {59},
	Year = {1985}}

@article{Setiya07,
	Author = {Kieran Setiya},
	Date-Added = {2015-11-10 15:50:37 +0000},
	Date-Modified = {2015-11-10 15:51:22 +0000},
	Journal = {Ethics},
	Pages = {649-673},
	Title = {Cognitivism about Instrumental Reason},
	Volume = {117},
	Year = {2007}}

@article{Frankfurt69,
	Author = {Harry G. Frankfurt},
	Date-Added = {2015-11-10 15:48:49 +0000},
	Date-Modified = {2015-11-10 15:49:30 +0000},
	Journal = {The Journal of Philosophy},
	Number = {23},
	Pages = {829-839},
	Title = {Alternate Possibilities and Moral Responsibility},
	Volume = {66},
	Year = {1969}}

@incollection{Williams81,
	Author = {Bernard Williams},
	Booktitle = {Moral Luck},
	Date-Added = {2015-11-10 15:37:38 +0000},
	Date-Modified = {2015-11-10 15:39:33 +0000},
	Pages = {124-131},
	Publisher = {Cambridge University Press},
	Title = {Practical Necessity},
	Year = {1982}}

@inproceedings{Bhatt99,
	Author = {Rajesh Bhatt},
	Booktitle = {WCCFL 17 Proceedings},
	Date-Added = {2015-11-06 00:58:16 +0000},
	Date-Modified = {2015-11-27 22:53:03 +0000},
	Editor = {K. Shahin and S. Blake and E.-S. Kim},
	Pages = {74-87},
	Title = {Ability Modals and their Actuality Entailments},
	Volume = {17},
	Year = {1999}}

@incollection{Lehrer76,
	Author = {Keith Lehrer},
	Booktitle = {Action Theory},
	Date-Added = {2015-11-03 15:11:41 +0000},
	Date-Modified = {2015-11-27 22:53:50 +0000},
	Editor = {M. Brand and D. Walton},
	Pages = {241-270},
	Publisher = {D. Reidel},
	Title = {{`Can'} in Theory and Practice: A Possible Worlds Analysis},
	Year = {1976}}

@article{Clarke09,
	Author = {Randolph Clarke},
	Date-Added = {2015-11-02 01:42:57 +0000},
	Date-Modified = {2015-11-03 16:24:37 +0000},
	Journal = {Mind},
	Number = {470},
	Pages = {323-351},
	Title = {Dispositions, Abilities to Act, and Free Will: The New Dispositionalism},
	Volume = {118},
	Year = {2009}}

@article{Brown88,
	Author = {Mark A. Brown},
	Date-Added = {2015-10-31 16:03:53 +0000},
	Date-Modified = {2015-10-31 16:04:32 +0000},
	Journal = {Journal of Philosophical Logic},
	Pages = {1-26},
	Title = {On the Logic of Ability},
	Volume = {17},
	Year = {1988}}

@incollection{AustinIfs,
	Address = {London},
	Author = {J. L. Austin},
	Booktitle = {Philosophical Papers},
	Date-Added = {2015-10-30 03:11:08 +0000},
	Date-Modified = {2015-10-30 03:12:24 +0000},
	Pages = {151-180},
	Publisher = {Oxford University Press},
	Title = {Ifs and Cans},
	Year = {1961}}

@incollection{SEPAbility,
	Author = {John Maier},
	Booktitle = {The {S}tanford Encyclopedia of Philosophy},
	Date-Added = {2015-10-30 00:39:26 +0000},
	Date-Modified = {2016-01-07 15:33:38 +0000},
	Edition = {Fall 2014},
	Editor = {Edward N. Zalta},
	Publisher = {\url{http://plato.stanford.edu/archives/fall2014/entries/abilities/}},
	Title = {Abilities},
	Year = {2014}}

@book{MooreEthics,
	Address = {London},
	Author = {George Moore},
	Date-Added = {2015-10-30 00:37:31 +0000},
	Date-Modified = {2015-10-30 00:38:18 +0000},
	Publisher = {Williams and Norgate},
	Title = {Ethics},
	Year = {1912}}

@book{HumeEnquiry,
	Address = {Oxford},
	Author = {David Hume},
	Date-Added = {2015-10-30 00:36:24 +0000},
	Date-Modified = {2015-10-30 00:37:03 +0000},
	Editor = {Beauchamp},
	Publisher = {Oxford University Press},
	Title = {An Enquiry Concerning Human Understanding},
	Year = {1748}}

@book{Portner09,
	Address = {New York},
	Author = {Paul Portner},
	Date-Added = {2015-10-29 16:09:32 +0000},
	Date-Modified = {2015-10-29 16:10:26 +0000},
	Publisher = {Oxford University Press},
	Title = {Modality},
	Year = {2009}}

@article{Vetter13,
	Author = {Barbara Vetter},
	Date-Added = {2015-10-29 15:35:20 +0000},
	Date-Modified = {2015-11-30 19:28:14 +0000},
	Journal = {Philosophers' Imprint},
	Month = {August},
	Number = {16},
	Pages = {1-27},
	Title = {{`Can'} Without Possible Worlds: Semantics for Anti-{Humeans}},
	Volume = {13},
	Year = {2013}}

@article{Lehrer,
	Author = {Keith Lehrer},
	Date-Added = {2015-10-28 00:37:27 +0000},
	Date-Modified = {2015-10-28 00:38:40 +0000},
	Journal = {Analysis},
	Number = {1},
	Pages = {29-32},
	Title = {Cans Without Ifs},
	Volume = {29},
	Year = {1968}}

@article{Chisholm,
	Author = {Roderick M. Chisholm},
	Date-Added = {2015-10-28 00:37:25 +0000},
	Date-Modified = {2015-11-28 15:26:00 +0000},
	Journal = {Mind},
	Number = {289},
	Pages = {1-26},
	Title = {{J. L. Austin's} Philosophical Papers},
	Volume = {73},
	Year = {1964}}

@phdthesis{Cross85,
	Author = {Charles B. Cross},
	Date-Added = {2015-10-26 19:34:27 +0000},
	Date-Modified = {2015-11-02 03:31:49 +0000},
	School = {University of Pittsburgh},
	Title = {Studies in the Semantics of Modality},
	Year = {1985}}

@article{Cross86,
	Author = {Charles B. Cross},
	Date-Added = {2015-10-26 19:26:02 +0000},
	Date-Modified = {2015-11-27 22:54:11 +0000},
	Journal = {Philosophical Studies},
	Number = {1},
	Pages = {53-64},
	Title = {{`Can'} and the Logic of Ability},
	Volume = {50},
	Year = {1986}}

@article{Vranas10,
	Author = {Peter Vranas},
	Date-Added = {2015-10-26 01:07:02 +0000},
	Date-Modified = {2015-10-26 01:07:30 +0000},
	Journal = {Philosophical Studies},
	Pages = {115-121},
	Title = {What Time Travelers May Be Able to Do},
	Volume = {150},
	Year = {2010}}

@unpublished{SkowGrandfather,
	Author = {Bradford Skow},
	Date-Added = {2015-10-26 01:06:13 +0000},
	Date-Modified = {2015-10-26 01:06:51 +0000},
	Month = {February},
	Note = {Manuscript},
	Title = {Notes on The Grandfather Paradox},
	Year = {2013}}

@article{Villalta08,
	Author = {Elisabeth Villalta},
	Date-Added = {2015-10-25 00:49:41 +0000},
	Date-Modified = {2015-10-25 00:50:32 +0000},
	Journal = {Linguistics and Philosophy},
	Pages = {467-522},
	Title = {Mood and gradability: an investigation of the subjunctive mood in {Spanish}},
	Volume = {31},
	Year = {2008}}

@book{Inwagen83,
	Address = {New York},
	Author = {Peter van Inwagen},
	Date-Added = {2015-10-23 15:01:04 +0000},
	Date-Modified = {2015-10-23 15:01:35 +0000},
	Publisher = {Oxford University Press},
	Title = {An Essay on Free Will},
	Year = {1983}}

@article{Lewis88,
	Author = {David Lewis},
	Date-Added = {2015-10-15 23:36:49 +0000},
	Date-Modified = {2015-10-15 23:41:48 +0000},
	Journal = {Theoria},
	Number = {3},
	Pages = {161-74},
	Title = {Relevant Implication},
	Volume = {54},
	Year = {1988}}

@unpublished{Silk14,
	Author = {Alex Silk},
	Date-Added = {2015-10-13 17:00:49 +0000},
	Date-Modified = {2016-01-31 03:25:50 +0000},
	Note = {Monograph, University of Birmingham},
	Title = {Discourse contextualism: A framework for contextualist semantics and pragmatics},
	Url = {http://goo.gl/aIDDmb},
	Year = {2014},
	Bdsk-Url-1 = {http://goo.gl/aIDDmb}}

@unpublished{RothschildFabian,
	Author = {Daniel Rothschild},
	Date-Added = {2015-10-05 12:58:37 +0000},
	Date-Modified = {2015-10-05 12:59:08 +0000},
	Month = {August},
	Note = {Manuscript},
	Title = {Truthmakers for semantics and pragmatics: Presupposition and (a little) agreement},
	Url = {http://danielrothschild.com/FabianTruthmaking.pdf},
	Year = {2015},
	Bdsk-Url-1 = {http://danielrothschild.com/FabianTruthmaking.pdf}}

@inproceedings{Singh09,
	Author = {Raj Singh},
	Booktitle = {{European} Summer School of Logic, Language, and Information ({ESSLLI}) 2009 Workshop: New Directions in the Theory of Presuppositions},
	Date-Added = {2015-10-04 22:42:43 +0000},
	Date-Modified = {2016-01-28 15:32:25 +0000},
	Editor = {Nathan Klinedinst and Daniel Rothschild},
	Month = {June},
	Title = {Symmetric and Interacting Alternatives for Implicature and Accommodation},
	Url = {http://web.mit.edu/singhr/www/singh-esslli-workshop-final.pdf},
	Year = {2009},
	Bdsk-Url-1 = {http://web.mit.edu/singhr/www/singh-esslli-workshop-final.pdf}}

@unpublished{Singh15,
	Author = {Raj Singh},
	Date-Added = {2015-10-04 18:54:07 +0000},
	Date-Modified = {2016-01-28 15:25:13 +0000},
	Month = {August},
	Note = {Manuscript},
	Title = {Presupposition projection: Global accommodation, local accommodation, and scope ambiguities},
	Url = {http://http-server.carleton.ca/~singhr/files/Global-over-local-2015.pdf},
	Year = {2015},
	Bdsk-Url-1 = {http://http-server.carleton.ca/~singhr/files/Global-over-local-2015.pdf}}

@article{KatzirSingh,
	Author = {Roni Katzir and Raj Singh},
	Date-Added = {2015-08-26 18:00:55 +0000},
	Date-Modified = {2015-08-26 18:01:36 +0000},
	Doi = {10.3765/sp.6.5},
	Journal = {Semantics and Pragmatics},
	Number = {5},
	Pages = {1-16},
	Title = {A note on presupposition accommodation},
	Volume = {6},
	Year = {2013},
	Bdsk-Url-1 = {http://dx.doi.org/10.3765/sp.6.5}}

@incollection{BeaverZeevat,
	Author = {David Beaver and Henk Zeevat},
	Booktitle = {The Oxford Handbook of Linguistic Interfaces},
	Date-Added = {2015-08-26 17:44:19 +0000},
	Date-Modified = {2015-12-19 11:35:02 +0000},
	Editor = {Gillian Ramchand and Charles Reiss},
	Publisher = {Oxford University Press},
	Title = {Accommodation},
	Year = {2007}}

@unpublished{Singh06,
	Address = {Cambridge, MA},
	Author = {Raj Singh},
	Date-Added = {2015-08-24 19:22:57 +0000},
	Date-Modified = {2015-08-24 19:23:27 +0000},
	Note = {Manuscript, Massachusetts Institute of Technology},
	Title = {A solution to the Proviso Problem: Formally defined alternatives and relevance},
	Year = {2006}}

@unpublished{Silk15,
	Author = {Alex Silk},
	Date-Added = {2015-08-22 17:20:19 +0000},
	Date-Modified = {2015-08-22 17:34:19 +0000},
	Month = {August},
	Note = {Manuscript},
	Title = {How to Embed an Epistemic Modal: Attitude Problems and Other Defects of Character},
	Year = {2015}}

@article{Briggs09,
	Author = {Rachael Briggs},
	Date-Added = {2015-08-05 09:35:20 +0000},
	Date-Modified = {2015-08-05 09:37:46 +0000},
	Journal = {Philosophical Review},
	Number = {1},
	Pages = {59-85},
	Title = {Distorted Reflection},
	Volume = {118},
	Year = {2009}}

@article{BvF84,
	Author = {{\SortNoop{Fraassen}}van Fraassen, Bas},
	Date-Added = {2015-08-05 09:29:14 +0000},
	Date-Modified = {2015-08-05 09:29:51 +0000},
	Journal = {Journal of Philosophy},
	Pages = {235-56},
	Title = {Belief and the Will},
	Volume = {81},
	Year = {1984}}

@article{Koelbel09,
	Author = {Max {K\"olbel}},
	Date-Added = {2015-08-02 16:38:18 +0000},
	Date-Modified = {2016-01-05 20:00:18 +0000},
	Journal = {Synthese},
	Pages = {375-95},
	Title = {The evidence for relativism},
	Volume = {166},
	Year = {2009}}

@inproceedings{CondoravdiLauer11,
	Address = {{Saarbr\"ucken, Germany}},
	Author = {Cleo Condoravdi and Sven Lauer},
	Booktitle = {Proceedings of Sinn und Bedeutung 15},
	Date-Added = {2015-08-02 13:42:26 +0000},
	Date-Modified = {2016-02-27 17:01:34 +0000},
	Editor = {Ingo Reich and others},
	Pages = {149-164},
	Publisher = {Saarland University Press},
	Title = {Performative Verbs and Performative Acts},
	Year = {2011}}

@unpublished{Eckardt09,
	Author = {Regine Eckardt},
	Date-Added = {2015-08-02 13:42:20 +0000},
	Date-Modified = {2015-08-02 13:44:34 +0000},
	Note = {{Manuscript, University of G\"ottingen}},
	Title = {Integrated Speech Acts},
	Year = {2009}}

@incollection{Kamp78,
	Author = {Hans Kamp},
	Booktitle = {Philosophy, Language and Artifical Intelligence},
	Date-Added = {2015-07-31 19:52:16 +0000},
	Date-Modified = {2015-07-31 19:59:18 +0000},
	Editor = {J. Kulas and others},
	Publisher = {Kluwer Academic Publishers},
	Title = {Semantics Versus Pragmatics},
	Year = {1978}}

@inproceedings{Kamp73,
	Author = {Hans Kamp},
	Booktitle = {Proceedings of the Aristotelian Society},
	Date-Added = {2015-07-31 19:52:14 +0000},
	Date-Modified = {2015-07-31 19:57:12 +0000},
	Pages = {57-74},
	Title = {Free Choice Permission},
	Volume = {74},
	Year = {1973}}

@book{Faginetal,
	Address = {Cambridge, MA},
	Author = {Ronald Fagin and Joseph Y. Halpern and Yoram Moses and Moshe Y. Vardi},
	Date-Added = {2015-07-27 16:08:28 +0000},
	Date-Modified = {2015-07-27 16:09:09 +0000},
	Publisher = {MIT Press},
	Title = {Reasoning About Knowledge},
	Year = {1995}}

@incollection{Lewis79,
	Address = {Dordrecht},
	Author = {David Lewis},
	Booktitle = {Essays in Honor of Jaakko Hintikka},
	Date-Added = {2015-07-25 18:52:15 +0000},
	Date-Modified = {2015-11-29 00:49:16 +0000},
	Editor = {E. Saarinen and others},
	Publisher = {D. Reidel},
	Title = {A Problem About Permission},
	Year = {1979}}

@article{AGM,
	Author = {{C.E Alchourr\'on and P. G\"ardenfors and D. Makinson}},
	Date-Added = {2015-07-25 18:50:16 +0000},
	Date-Modified = {2015-07-25 18:52:05 +0000},
	Journal = {Journal of Symbolic Logic},
	Pages = {510-530},
	Title = {On the Logic of Theory Change: Partial Meet Contraction and Revision Functions},
	Volume = {50},
	Year = {1985}}

@unpublished{Truckenbrodt08,
	Author = {Hubert Truckenbrodt},
	Date-Added = {2015-07-25 00:45:18 +0000},
	Date-Modified = {2015-08-02 13:47:40 +0000},
	Note = {Manuscript, ZAS Berlin},
	Title = {Performatives and agreement},
	Year = {2009}}

@article{GS75,
	Author = {Jeroen Groenendijk and Martin Stokhof},
	Date-Added = {2015-07-21 15:19:56 +0000},
	Date-Modified = {2015-07-21 15:20:40 +0000},
	Journal = {Theoretical Linguistics},
	Number = {1-3},
	Pages = {61-112},
	Title = {Modality and Conversational Information},
	Volume = {2},
	Year = {1975}}

@incollection{vandersandt87,
	Author = {{\SortNoop{Sandt}}van der Sandt, Rob},
	Booktitle = {Semantics and Contextual Expression},
	Date-Added = {2015-07-20 02:03:16 +0000},
	Date-Modified = {2016-01-01 15:54:00 +0000},
	Editor = {Renate Bartsch and Johan van Benthem and Peter van Emde Boas},
	Pages = {267-294},
	Publisher = {Foris, Dordrecht},
	Title = {Presupposition and discourse structure},
	Year = {1989}}

@book{Geurts99,
	Address = {Amsterdam},
	Author = {Bart Geurts},
	Date-Added = {2015-07-17 18:38:44 +0000},
	Date-Modified = {2015-07-20 01:21:21 +0000},
	Publisher = {Elsevier},
	Title = {Presuppositions and Pronouns},
	Year = {1999}}

@inproceedings{Beaver99,
	Author = {David Beaver},
	Booktitle = {Logic, Language and Computation},
	Date-Added = {2015-07-11 18:36:03 +0000},
	Date-Modified = {2015-07-11 18:38:23 +0000},
	Editor = {Larry Moss and Jonathan Ginzburg and Maarten de Rijke},
	Pages = {21-44},
	Publisher = {CSLI Publications: Stanford, CA},
	Title = {Presupposition Accommodation: A Plea for Common Sense},
	Url = {https://www.researchgate.net/publication/2578081_Presupposition_Accommodation_A_Plea_for_Common_Sense},
	Volume = {2},
	Year = {1999},
	Bdsk-Url-1 = {https://www.researchgate.net/publication/2578081_Presupposition_Accommodation_A_Plea_for_Common_Sense}}

@incollection{vanFraassen69,
	Address = {New Haven},
	Author = {{\SortNoop{Fraassen}}van Fraassen, Bas},
	Booktitle = {The Logical Way of Doings Things},
	Date-Added = {2015-07-11 14:37:41 +0000},
	Date-Modified = {2015-07-11 14:39:02 +0000},
	Editor = {Kirk Lambert},
	Pages = {67-92},
	Publisher = {Yale University Press},
	Title = {Presuppositions, Supervaluations and Free Logic},
	Year = {1969}}

@inproceedings{Peters77,
	Author = {Stanley Peters},
	Booktitle = {Texas Linguistic Forum 6},
	Date-Added = {2015-07-11 14:37:37 +0000},
	Date-Modified = {2015-07-11 14:40:02 +0000},
	Publisher = {University of Texas at Austin},
	Title = {A Truth-Conditional Formulation of {Karttunen's} Account of Presupposition},
	Year = {1977}}

@book{Gazdar79,
	Address = {New York},
	Author = {Gerald Gazdar},
	Date-Added = {2015-07-11 14:20:43 +0000},
	Date-Modified = {2015-07-11 14:21:16 +0000},
	Publisher = {Academic Press},
	Title = {Pragmatics: Implicature, Presupposition and Logical Form},
	Year = {1979}}

@inproceedings{Lauer14,
	Address = {{G\"ottingen}},
	Author = {Sven Lauer},
	Booktitle = {Sinn und {Bedeutung}},
	Date-Added = {2015-07-10 14:29:26 +0000},
	Date-Modified = {2015-07-11 13:54:58 +0000},
	Editor = {Eva Csipak and Hedde Zeijlstra},
	Title = {Biscuits and provisos: Conveying unconditional information by conditional means},
	Url = {http://semanticsarchive.net/Archive/TVlN2I2Z/sub19proc.pdf},
	Volume = {19},
	Year = {2014},
	Bdsk-Url-1 = {http://semanticsarchive.net/Archive/TVlN2I2Z/sub19proc.pdf}}

@article{Soames82,
	Author = {Scott Soames},
	Date-Added = {2015-07-10 14:23:48 +0000},
	Date-Modified = {2016-01-28 15:24:22 +0000},
	Journal = {Linguistic Inquiry},
	Number = {3},
	Pages = {483-545},
	Title = {How presuppositions are inherited: a solution to the projection problem},
	Volume = {13},
	Year = {1982}}

@unpublished{Chemla08,
	Author = {Emmanuel Chemla},
	Date-Added = {2015-07-10 12:47:12 +0000},
	Date-Modified = {2015-07-10 12:47:58 +0000},
	Note = {Manuscript, Ecole Normale Sup\'erieure, Paris and MIT},
	Title = {Similarity: Towards a Unified Account of Scalar Implicatures, Free Choice Permission and Presupposition Projection},
	Url = {http://www.emmanuel.chemla.free.fr/Material/Chemla-SIandPres.pdf},
	Year = {2008},
	Bdsk-Url-1 = {http://www.emmanuel.chemla.free.fr/Material/Chemla-SIandPres.pdf}}

@incollection{KarttunenPeters,
	Address = {New York},
	Author = {Karttunen, Lauri and Peters, Stanley},
	Booktitle = {Syntax and Semantics 11: Presupposition},
	Date-Added = {2015-07-10 12:36:46 +0000},
	Date-Modified = {2015-07-10 12:37:32 +0000},
	Publisher = {Academic Press},
	Title = {Conventional Implicatures in {Montague} Grammar},
	Year = {1979}}

@book{Kleene52,
	Address = {Amsterdam},
	Author = {Stephen Kleene},
	Date-Added = {2015-07-10 12:35:03 +0000},
	Date-Modified = {2015-07-10 12:37:32 +0000},
	Publisher = {North-Holland},
	Title = {Introduction to Metamathematics},
	Year = {1952}}

@book{Strawson52,
	Address = {London},
	Author = {Peter Strawson},
	Date-Added = {2015-07-10 12:34:59 +0000},
	Date-Modified = {2015-07-10 12:37:32 +0000},
	Publisher = {Methuen},
	Title = {Introduction to Logical Theory},
	Year = {1952}}

@phdthesis{GSQ,
	Author = {Jeroen Groenendijk and Martin Stokhof},
	Date-Added = {2015-06-24 14:30:04 +0000},
	Date-Modified = {2015-06-24 14:30:59 +0000},
	School = {University of Amsterdam},
	Title = {Studies on the Semantics of Questions and the Pragmatics of Answers},
	Year = {1984}}

@unpublished{EckardtSchwager,
	Author = {Regine Eckardt and Magdalena Schwager},
	Date-Added = {2015-06-10 11:16:26 +0000},
	Date-Modified = {2015-06-10 11:21:08 +0000},
	Howpublished = {Lecture Notes},
	Note = {ESSLLI 2009, Bordeaux},
	Title = {How to do things with words},
	Year = {2009}}

@incollection{EganWeatherson,
	Author = {Brian Weatherson and Andy Egan},
	Booktitle = {Epistemic Modality},
	Date-Added = {2015-06-08 10:13:23 +0000},
	Date-Modified = {2015-06-08 10:14:21 +0000},
	Editor = {Andy Egan and Brian Weatherson},
	Pages = {1-18},
	Publisher = {Oxford University Press},
	Title = {Epistemic Modals and Epistemic Modality},
	Year = {2011}}

@article{RothschildSchlenker,
	Author = {Daniel Rothschild},
	Date-Added = {2015-06-07 12:09:30 +0000},
	Date-Modified = {2015-06-07 12:10:46 +0000},
	Journal = {Theoretical Linguistics},
	Number = {261-268},
	Title = {Transparency Theory and its dynamic alternatives: Commentary on `Be Articulate'},
	Volume = {34},
	Year = {2008}}

@unpublished{YalcinDeRe,
	Author = {Seth Yalcin},
	Date-Added = {2015-06-06 11:41:53 +0000},
	Date-Modified = {2015-08-23 20:52:13 +0000},
	Journal = {Ergo},
	Note = {Forthcoming in \textit{Ergo}},
	Title = {Epistemic modality \textit{de re}},
	Year = {2015}}

@incollection{GSV96,
	Author = {Jeroen Groenendijk and Martin Stokhof and Frank Veltman},
	Booktitle = {Handbook of Contemporary Semantic Theory},
	Date-Added = {2015-06-03 15:56:06 +0000},
	Date-Modified = {2015-06-03 15:57:38 +0000},
	Pages = {179-216},
	Publisher = {Oxford: Blackwell},
	Title = {Coreference and Modality},
	Year = {1996}}

@article{RothschildYalcin,
	Author = {Daniel Rothschild and Seth Yalcin},
	Date-Added = {2015-06-02 22:20:42 +0000},
	Date-Modified = {2015-06-02 23:31:54 +0000},
	Journal = {Nous},
	Title = {On the Dynamics of Conversation},
	Year = {2015}}

@book{HawthorneCappelen,
	Address = {Oxford},
	Author = {Herman Cappelen and John Hawthorne},
	Date-Added = {2015-05-29 16:39:56 +0000},
	Date-Modified = {2015-05-29 16:40:36 +0000},
	Publisher = {Oxford University Press},
	Title = {Relativism and Monadic Truth},
	Year = {2010}}

@article{Khoo14,
	Author = {Justin Khoo},
	Date-Added = {2015-05-27 20:34:40 +0000},
	Date-Modified = {2016-01-10 17:39:53 +0000},
	Journal = {Inquiry},
	Number = {5},
	Title = {Modal disagreements},
	Volume = {58},
	Year = {2015}}

@article{Stephenson07a,
	Author = {Tamina C. Stephenson},
	Date-Added = {2015-05-27 20:08:05 +0000},
	Date-Modified = {2015-05-27 20:08:44 +0000},
	Journal = {Linguistics and Philosophy},
	Number = {4},
	Pages = {487-525},
	Title = {Judge dependence, epistemic modals, and predicates of personal taste},
	Volume = {30},
	Year = {2007}}

@book{MacFarlaneBook,
	Address = {Oxford},
	Author = {John MacFarlane},
	Date-Added = {2015-05-27 14:32:03 +0000},
	Date-Modified = {2015-05-27 14:35:38 +0000},
	Publisher = {Oxford University Press},
	Title = {Assessment Sensitivity: Relative Truth and Its Applications},
	Year = {2014}}

@inproceedings{Karttunen69,
	Address = {Chicago},
	Author = {Lauri Karttunen},
	Booktitle = {Papers from the Fifth Regional Meeting of the Chicago Linguistic Society},
	Date-Added = {2015-05-27 10:40:53 +0000},
	Date-Modified = {2015-06-08 10:03:03 +0000},
	Editor = {R. Binnick and others},
	Organization = {Chicago Linguistic Society},
	Pages = {108-116},
	Title = {Pronouns and Variables},
	Year = {1969}}

@incollection{EganBlackwell,
	Author = {Andy Egan},
	Booktitle = {Blackwell Companion to Relativism},
	Date-Added = {2015-05-26 17:22:09 +0000},
	Date-Modified = {2015-05-26 17:37:24 +0000},
	Editor = {Steven Hales},
	Pages = {219-241},
	Publisher = {Wiley-Blackwell},
	Title = {Relativism About Epistemic Modals},
	Year = {2011}}

@article{Egan1,
	Author = {Andy Egan},
	Date-Added = {2015-05-26 16:49:42 +0000},
	Date-Modified = {2015-05-26 16:51:13 +0000},
	Journal = {Philosophical Studies},
	Number = {1},
	Pages = {1-22},
	Title = {Epistemic Modals, Relativism, and Assertion},
	Volume = {113},
	Year = {2007}}

@inproceedings{RoussarieSALT,
	Author = {Laurent Roussarie},
	Booktitle = {Proceedings of Semantics and Linguistic Theory},
	Date-Added = {2015-05-26 13:24:57 +0000},
	Date-Modified = {2015-05-26 13:26:46 +0000},
	Editor = {Ed Cormany and Satoshi Ito and David Lutz},
	Pages = {379-394},
	Title = {What might be known: Epistemic modality and uncertain contexts},
	Volume = {19},
	Year = {2009}}

@inproceedings{Dekker10,
	Address = {Berlin Heidelberg},
	Author = {Paul J.E. Dekker},
	Booktitle = {Amsterdam Colloquium 2009},
	Date-Added = {2015-05-26 12:52:18 +0000},
	Date-Modified = {2015-06-08 10:01:44 +0000},
	Editor = {M. Aloni and others},
	Organization = {LNAI 6042},
	Pages = {244-253},
	Publisher = {Springer-Verlag},
	Title = {There Is Something about \textit{Might}},
	Year = {2010}}

@book{Markson,
	Address = {Illiinois},
	Author = {David Markson},
	Date-Added = {2015-05-25 13:11:10 +0000},
	Date-Modified = {2015-05-25 13:12:28 +0000},
	Publisher = {Dalkey Archive Press},
	Title = {Wittgenstein's Mistress},
	Year = {1988}}

@article{LassiterProviso,
	Author = {Daniel Lassiter},
	Date-Added = {2015-05-25 11:42:53 +0000},
	Date-Modified = {2015-05-25 11:45:25 +0000},
	Doi = {10.3765/sp.5.2},
	Journal = {Semantics and Pragmatics},
	Number = {2},
	Pages = {1-37},
	Title = {Presuppositions, provisos, and probability},
	Volume = {5},
	Year = {2012},
	Bdsk-Url-1 = {http://dx.doi.org/10.3765/sp.5.2}}

@article{BeaverKrahmer,
	Author = {David Beaver and Emiel Krahmer},
	Date-Added = {2015-05-24 11:35:26 +0000},
	Date-Modified = {2015-05-24 11:36:08 +0000},
	Journal = {Journal of Logic, Language and Information},
	Number = {2},
	Pages = {147-182},
	Title = {A Partial Account of Presupposition Projection},
	Volume = {10},
	Year = {2001}}

@inproceedings{Sudoetal.,
	Author = {Yasutada Sudo and Jacopo Romoli and Martin Hackl and Danny Fox},
	Booktitle = {Proceedings of the Formal Semantic Evidence Workshop, Amsterdam Colloquium},
	Date-Added = {2015-05-21 17:01:10 +0000},
	Date-Modified = {2015-05-21 17:04:40 +0000},
	Title = {Presupposition Projection out of Quantified Sentences: Strengthening, Local Accommodation and Inter-speaker Variation},
	Year = {2011}}

@unpublished{Fox12,
	Author = {Danny Fox},
	Date-Added = {2015-05-21 17:00:38 +0000},
	Date-Modified = {2015-08-02 13:44:46 +0000},
	Month = {February},
	Note = {Manuscript},
	Title = {Presupposition projection from Quantificational Sentences: trivalence, local accommodation, and presupposition strengthening},
	Url = {http://web.mit.edu/linguistics/people/faculty/fox/Quantifier-Projection.pdf},
	Year = {2012},
	Bdsk-Url-1 = {http://web.mit.edu/linguistics/people/faculty/fox/Quantifier-Projection.pdf}}

@inproceedings{BeaverKinematics,
	Author = {David I. Beaver},
	Booktitle = {{ITLI} Prepublication Series for Logic, Semantics and Philosophy of Language},
	Date-Added = {2015-05-21 12:23:23 +0000},
	Date-Modified = {2015-12-26 15:42:04 +0000},
	Organization = {University of Amsterdam},
	Title = {The Kinematics of Presupposition},
	Url = {https://www.illc.uva.nl/Research/Publications/Reports/LP-1992-05.text.pdf},
	Year = {1992},
	Bdsk-Url-1 = {https://www.illc.uva.nl/Research/Publications/Reports/LP-1992-05.text.pdf}}

@misc{Heim15,
	Author = {Irene Heim and Danny Fox},
	Date-Added = {2015-05-21 12:22:09 +0000},
	Date-Modified = {2015-05-21 12:28:45 +0000},
	Howpublished = {Class notes from 24.954},
	Title = {Notes on the Proviso Problem},
	Year = {2015}}

@misc{Fox11,
	Author = {Danny Fox},
	Date-Added = {2015-05-13 01:13:10 +0000},
	Date-Modified = {2015-05-13 01:14:50 +0000},
	Howpublished = {Class Notes, 24.954, MIT},
	Month = {Spring},
	Title = {Notes on the Proviso Problem},
	Year = {2011}}

@incollection{Kamp01,
	Address = {Amsterdam},
	Author = {Hans Kamp},
	Booktitle = {Semantics and Pragmatic Issues in Discourse and Dialogue},
	Date-Added = {2015-05-01 01:59:34 +0000},
	Date-Modified = {2015-05-01 02:00:38 +0000},
	Editor = {Myriam Bras and Laure Vieu},
	Pages = {57-84},
	Publisher = {Elsevier},
	Title = {Presupposition Computation and Presupposition Justification: One Aspect of the Interpretation of Multi-Sentence Discourse},
	Year = {2001}}

@article{Geurts98,
	Author = {Bart Geurts},
	Date-Added = {2015-04-30 03:29:16 +0000},
	Date-Modified = {2015-04-30 03:32:50 +0000},
	Journal = {Linguistics and Philosophy},
	Pages = {545-601},
	Title = {Presuppositions and Anaphors in Attitude Contexts},
	Volume = {21},
	Year = {1998}}

@article{Chemla09,
	Author = {Emmanuel Chemla},
	Date-Added = {2015-04-30 03:20:53 +0000},
	Date-Modified = {2015-04-30 03:21:24 +0000},
	Journal = {Natural Language Semantics},
	Pages = {299-340},
	Title = {Presuppositions of quantified sentences: experimental data},
	Volume = {17},
	Year = {2009}}

@article{Roberts2012,
	Author = {Craige Roberts},
	Date-Added = {2015-04-30 00:41:27 +0000},
	Date-Modified = {2015-05-20 17:11:02 +0000},
	Journal = {Semantics and Pragmatics},
	Pages = {1-69},
	Title = {Information structure in discourse: Towards an integrated formal theory of pragmatics},
	Volume = {5},
	Year = {1998/2012}}

@mastersthesis{George08,
	Author = {Benjamin Ross George},
	Date-Added = {2015-04-29 18:25:03 +0000},
	Date-Modified = {2015-04-29 18:27:03 +0000},
	School = {University of California, Los Angeles},
	Title = {Presupposition Repairs: a Static, Trivalent Approach to Predicting Projection},
	Url = {http://www.semanticsarchive.net/Archive/2ZiYmEyN/brgeorge_ma.pdf},
	Year = {2008},
	Bdsk-Url-1 = {http://www.semanticsarchive.net/Archive/2ZiYmEyN/brgeorge_ma.pdf}}

@article{Rothschild11,
	Author = {Daniel Rothschild},
	Date-Added = {2015-04-25 23:04:03 +0000},
	Date-Modified = {2015-06-08 10:06:10 +0000},
	Doi = {10.3765/sp.4.3},
	Journal = {Semantics and Pragmatics},
	Number = {3},
	Pages = {1-43},
	Title = {Explaining presupposition projection with dynamic semantics},
	Volume = {4},
	Year = {2011/2015},
	Bdsk-Url-1 = {http://dx.doi.org/10.3765/sp.4.3}}

@book{Potts,
	Address = {Oxford},
	Author = {Christopher Potts},
	Date-Added = {2015-04-16 03:17:37 +0000},
	Date-Modified = {2015-04-25 18:56:35 +0000},
	Publisher = {Oxford University Press},
	Title = {The Logic of Conventional Implicatures},
	Year = {2005}}

@article{Tonhauser15,
	Author = {Judith Tonhauser},
	Date-Added = {2015-04-15 02:53:20 +0000},
	Date-Modified = {2015-04-15 02:54:10 +0000},
	Journal = {Language and Linguistics Compass},
	Number = {2},
	Pages = {77-101},
	Title = {Are `informative presuppositions' presuppositions?},
	Volume = {9},
	Year = {2015}}

@incollection{Grice81,
	Address = {New York},
	Author = {H. Paul Grice},
	Booktitle = {Radical Pragmatics},
	Date-Added = {2015-04-15 00:11:50 +0000},
	Date-Modified = {2015-04-15 00:12:36 +0000},
	Editor = {Peter Cole},
	Pages = {183-198},
	Publisher = {Academic Press},
	Title = {Presupposition and Conversational Implicature},
	Year = {1981}}

@inproceedings{Beaveretal09,
	Author = {Craige Roberts and Mandy Simons and David Beaver and Judith Tonhauser},
	Booktitle = {Proceedings of Workshop on New Directions in the Theory of Presupposition, ESSLLI 2009},
	Date-Added = {2015-04-14 18:23:12 +0000},
	Date-Modified = {2015-06-10 12:49:53 +0000},
	Editor = {Nathan Klinedinst and Daniel Rothschild},
	Title = {Presupposition, Conventional Implicature, and Beyond: A unified account of projection},
	Year = {2009}}

@article{Gian01,
	Author = {Anastasia Giannakidou},
	Date-Added = {2015-04-14 14:27:46 +0000},
	Date-Modified = {2015-04-14 14:28:24 +0000},
	Journal = {Linguistics and Philosophy},
	Pages = {659-735},
	Title = {The meaning of free choice},
	Volume = {24},
	Year = {2001}}

@incollection{Kenny76,
	Author = {Anthony Kenny},
	Booktitle = {Essays on Explanation and Understanding},
	Date-Added = {2015-04-14 13:51:56 +0000},
	Date-Modified = {2015-11-29 00:49:09 +0000},
	Editor = {Manninen and Tuomela},
	Pages = {209-232},
	Publisher = {D. Reidel},
	Title = {Human Abilities and Dynamic Modalities},
	Year = {1976}}

@phdthesis{Ladusaw79,
	Author = {William Ladusaw},
	Date-Added = {2015-04-14 13:45:29 +0000},
	Date-Modified = {2015-04-14 13:46:34 +0000},
	School = {University of Texas at Austin},
	Title = {Polarity Sensitivity as Inherent Scope Relation},
	Year = {1979}}

@book{Chierchia13,
	Author = {Gennaro Chierchia},
	Date-Added = {2015-04-14 13:43:24 +0000},
	Date-Modified = {2015-04-14 13:44:54 +0000},
	Publisher = {Oxford University Press},
	Title = {Logic in Grammar: Polarity, Free Choice, and Intervention},
	Year = {2013}}

@incollection{GStaraki10,
	Author = {Anastasia Giannakidou and Eleni Staraki},
	Booktitle = {Genericity},
	Date-Added = {2015-04-14 13:37:22 +0000},
	Date-Modified = {2015-04-14 13:39:46 +0000},
	Editor = {A. Mari and C. Beyssade and F. Del Prete},
	Publisher = {Oxford University Press},
	Title = {Ability, action, and causation: from pure ability to force},
	Year = {2012}}

@unpublished{Thomason05,
	Author = {Richmond H. Thomason},
	Date-Added = {2015-04-14 13:35:51 +0000},
	Date-Modified = {2015-04-14 13:36:46 +0000},
	Month = {October},
	Note = {MS},
	Title = {Ability, Action, and Context},
	Year = {2005}}

@conference{Simons01,
	Address = {Ithaca, NY},
	Author = {Mandy Simons},
	Booktitle = {Proceedings of Semantics and Linguistic Theory},
	Date-Added = {2015-04-13 21:10:32 +0000},
	Date-Modified = {2015-04-13 21:12:19 +0000},
	Editor = {R. Hastings and B. Jackson and Z. Zvolensky},
	Publisher = {CLC Publications},
	Title = {On the Conversational Basis of Some Presuppositions},
	Volume = {11},
	Year = {2001}}

@article{Abbott00,
	Author = {Barbara Abbott},
	Date-Added = {2015-04-12 14:21:20 +0000},
	Date-Modified = {2015-04-12 14:22:00 +0000},
	Journal = {Journal of Pragmatics},
	Pages = {1419-1437},
	Title = {Presuppositions as nonassertions},
	Volume = {32},
	Year = {2000}}

@article{VanRooij07,
	Author = {{\SortNoop{Rooij}}van Rooij, Robert},
	Date-Added = {2015-04-10 19:19:52 +0000},
	Date-Modified = {2015-04-10 19:21:03 +0000},
	Doi = {10.1093/jos/ffm007},
	Journal = {Journal of Semantics},
	Number = {3},
	Pages = {289-304},
	Title = {Strengthening Conditional Presuppositions},
	Volume = {24},
	Year = {2007},
	Bdsk-Url-1 = {http://dx.doi.org/10.1093/jos/ffm007}}

@article{Schlenker09,
	Author = {Philippe Schlenker},
	Date-Added = {2015-04-10 16:58:45 +0000},
	Date-Modified = {2015-04-10 16:59:13 +0000},
	Doi = {10.3765/sp.2.3},
	Journal = {Semantics and Pragmatics},
	Number = {3},
	Pages = {1-78},
	Title = {Local Contexts},
	Volume = {2},
	Year = {2009},
	Bdsk-Url-1 = {http://dx.doi.org/10.3765/sp.2.3}}

@article{Cariani2013b,
	Author = {Fabrizio Cariani},
	Date-Added = {2015-04-07 15:45:30 +0000},
	Date-Modified = {2015-11-28 15:25:18 +0000},
	Journal = {Nous},
	Number = {3},
	Pages = {534-558},
	Title = {{`Ought'} and Resolution Semantics},
	Volume = {47},
	Year = {2013}}

@inproceedings{HollidayIcard13,
	Author = {Wesley Holliday and Thomas Icard},
	Booktitle = {Proceedings of Semantics and Linguistic Theory},
	Date-Added = {2015-03-27 00:10:40 +0000},
	Date-Modified = {2015-05-28 14:36:21 +0000},
	Pages = {514-534},
	Title = {Measure semantics and qualitative semantics for epistemic modals},
	Volume = {23},
	Year = {2013}}

@unpublished{NinanNotes,
	Author = {Dilip Ninan},
	Date-Added = {2015-03-26 20:05:33 +0000},
	Date-Modified = {2015-03-26 20:06:57 +0000},
	Note = {Notes based on lecture at MIT in November 2012},
	Title = {Relational semantics and domain semantics for epistemic modals},
	Year = {2014}}

@unpublished{KnobeKhoo15,
	Author = {Justin Khoo and Joshua Knobe},
	Date-Added = {2015-03-25 22:13:39 +0000},
	Date-Modified = {2015-03-25 22:17:07 +0000},
	Note = {MS},
	Title = {Moral disagreement and exclusion},
	Year = {2015}}

@book{Horn89,
	Author = {Laurence Horn},
	Date-Added = {2015-03-23 04:08:48 +0000},
	Date-Modified = {2015-03-23 04:09:13 +0000},
	Publisher = {University of Chicago Press},
	Title = {A Natural History of Negation},
	Year = {1989}}

@article{Horn85,
	Author = {Laurence Horn},
	Date-Added = {2015-03-23 04:08:17 +0000},
	Date-Modified = {2015-03-23 04:08:47 +0000},
	Journal = {Language},
	Pages = {121-174},
	Title = {Metalinguistic Negation and Pragmatic Ambiguity},
	Volume = {61},
	Year = {1985}}

@article{Beaveretal13,
	Author = {Tonhauser, Judith and David Beaver and Craige Roberts and Mandy Simons},
	Date-Added = {2015-03-23 03:02:27 +0000},
	Date-Modified = {2015-03-23 03:04:34 +0000},
	Journal = {Language},
	Number = {1},
	Pages = {66-109},
	Title = {Towards a taxonomy of projective content},
	Volume = {89},
	Year = {2013}}

@phdthesis{Singh08,
	Address = {Cambridge, MA},
	Author = {Raj Singh},
	Date-Added = {2015-03-21 15:14:28 +0000},
	Date-Modified = {2016-01-28 15:33:27 +0000},
	School = {Massachusetts Institute of Technology},
	Title = {Modularity and Locality in Interpretation},
	Url = {http://dspace.mit.edu/handle/1721.1/45895},
	Year = {2008},
	Bdsk-Url-1 = {http://dspace.mit.edu/handle/1721.1/45895}}

@article{Schlenker11,
	Author = {Philippe Schlenker},
	Date-Added = {2015-03-21 14:43:26 +0000},
	Date-Modified = {2015-03-21 14:44:41 +0000},
	Doi = {10.1007/s11050-011-9072-z},
	Journal = {Natural Language Semantics},
	Number = {4},
	Pages = {395-422},
	Title = {The Proviso Problem: a note},
	Volume = {19},
	Year = {2011},
	Bdsk-Url-1 = {http://dx.doi.org/10.1007/s11050-011-9072-z}}

@article{vandersandt92,
	Author = {{\SortNoop{Sandt}}van der Sandt, Rob},
	Date-Added = {2015-03-20 15:52:34 +0000},
	Date-Modified = {2015-03-20 15:54:52 +0000},
	Doi = {10.1093/jos/9.4.333},
	Journal = {Journal of Semantics},
	Number = {3},
	Pages = {333-377},
	Title = {Presupposition Projection as Anaphora Resolution},
	Volume = {9},
	Year = {1992},
	Bdsk-Url-1 = {http://dx.doi.org/10.1093/jos/9.4.333}}

@inproceedings{Singh07,
	Author = {Raj Singh},
	Booktitle = {Semantics and Linguistic Theory ({SALT}) 17},
	Date-Added = {2015-03-20 00:06:06 +0000},
	Date-Modified = {2015-11-23 17:34:40 +0000},
	Pages = {264-281},
	Title = {Formal alternatives as a solution to the proviso problem},
	Url = {http://semanticsarchive.net/Archive/WY1MGMzO/singh-alternatives.pdf},
	Volume = {17},
	Year = {2007},
	Bdsk-Url-1 = {http://semanticsarchive.net/Archive/WY1MGMzO/singh-alternatives.pdf}}

@inproceedings{Beaveretal,
	Author = {Mandy Simons and Judith Tonhauser and David Beaver and Craige Roberts},
	Booktitle = {Proceedings of Semantics and Linguistic Theory},
	Date-Added = {2015-03-19 19:57:32 +0000},
	Date-Modified = {2015-03-23 03:04:03 +0000},
	Pages = {309-327},
	Title = {What projects and why},
	Volume = {20},
	Year = {2010}}

@incollection{Heim90,
	Author = {Irene Heim},
	Booktitle = {Presupposition, Lexical Meaning, and Discourse Processes: Workshop Reader},
	Date-Added = {2015-03-18 02:06:13 +0000},
	Date-Modified = {2015-03-23 00:45:30 +0000},
	Editor = {Rob van der Sandt},
	Publisher = {University of Nijmegen},
	Title = {Presupposition Projection},
	Url = {http://semanticsarchive.net/Archive/GFiMGNjN/Presupp%20projection%2090.pdf},
	Year = {1990},
	Bdsk-Url-1 = {http://semanticsarchive.net/Archive/GFiMGNjN/Presupp%20projection%2090.pdf}}

@article{FarkasBruce10,
	Author = {Donka Farkas and Kim Bruce},
	Date-Added = {2015-03-15 20:28:14 +0000},
	Date-Modified = {2015-03-15 20:29:12 +0000},
	Journal = {Journal of Semantics},
	Number = {1},
	Pages = {81-118},
	Title = {On Reacting to Assertions and Polar Questions},
	Volume = {27},
	Year = {2010}}

@inproceedings{Carballo09,
	Author = {Alejandro {P\'erez Carballo}},
	Booktitle = {{MITWPL}},
	Date-Added = {2015-03-15 20:09:50 +0000},
	Date-Modified = {2016-05-07 02:08:22 +0000},
	Editor = {Paul Egr\'e and Giorgio Magri},
	Title = {Toward a Dissolution of the proviso problem},
	Url = {http://perezcarballo.org/files/proviso.mitwpl.pdf},
	Volume = {60},
	Year = {2009},
	Bdsk-Url-1 = {http://perezcarballo.org/files/proviso.mitwpl.pdf}}

@unpublished{Heim06,
	Author = {Irene Heim},
	Date-Added = {2015-03-15 20:08:57 +0000},
	Date-Modified = {2015-03-15 20:09:46 +0000},
	Month = {June},
	Note = {Presentation to Milan Meeting, Gargnano},
	Title = {On the Proviso Problem},
	Year = {2006}}

@article{Geurts96,
	Author = {Bart Geurts},
	Date-Added = {2015-03-15 20:06:09 +0000},
	Date-Modified = {2015-03-15 20:06:47 +0000},
	Doi = {10.1007/BF00628201},
	Journal = {Linguistics and Philosophy},
	Number = {3},
	Title = {Local Satisfaction Guaranteed: A Presupposition Theory and Its Problems},
	Volume = {19},
	Year = {1996},
	Bdsk-Url-1 = {http://dx.doi.org/10.1007/BF00628201}}

@incollection{Soames89,
	Author = {Scott Soames},
	Booktitle = {Handbook of Philosophical Logic, Volume IV: Topics in the Philosophy of Language},
	Date-Added = {2015-03-15 19:56:11 +0000},
	Date-Modified = {2015-03-15 19:57:05 +0000},
	Editor = {D. Gabbay and F. Guenthner},
	Pages = {553-616},
	Publisher = {Kluwer Academic Publishers},
	Title = {Presupposition},
	Year = {1989}}

@article{Karttunen73,
	Author = {Lauri Karttunen},
	Date-Added = {2015-03-15 19:36:13 +0000},
	Date-Modified = {2015-03-15 19:36:44 +0000},
	Journal = {Linguistic Inquiry},
	Pages = {167-193},
	Title = {Presuppositions of Compound Sentences},
	Volume = {4},
	Year = {1973}}

@book{KratzerMC,
	Address = {Oxford},
	Author = {Angelika Kratzer},
	Date-Added = {2015-03-14 15:51:41 +0000},
	Date-Modified = {2015-03-14 15:52:20 +0000},
	Publisher = {Oxford University Press},
	Title = {Modals and Conditionals},
	Year = {2012}}

@article{Cohen86,
	Author = {Stewart Cohen},
	Date-Added = {2015-02-25 19:04:23 +0000},
	Date-Modified = {2015-02-25 19:05:19 +0000},
	Journal = {Journal of Philosophy},
	Number = {10},
	Pages = {574-583},
	Title = {Knowledge and Context},
	Volume = {83},
	Year = {1986}}

@article{DeRose92,
	Author = {Keith DeRose},
	Date-Added = {2015-02-25 19:01:43 +0000},
	Date-Modified = {2015-02-25 19:04:19 +0000},
	Journal = {Philosophy and Phenomenological Research},
	Number = {4},
	Pages = {913-29},
	Title = {Contextualism and Knowledge Attributions},
	Volume = {52},
	Year = {1992}}

@phdthesis{Hacquard2006,
	Author = {Valentine Hacquard},
	Date-Added = {2015-02-25 03:23:32 +0000},
	Date-Modified = {2015-02-25 19:07:14 +0000},
	School = {MIT},
	Title = {Aspects of Modality},
	Year = {2006}}

@article{Schlenker08,
	Author = {Philippe Schlenker},
	Date-Added = {2015-02-24 14:25:08 +0000},
	Date-Modified = {2015-03-25 22:35:46 +0000},
	Doi = {10.1515/THLI.2008.013},
	Journal = {Theoretical Linguistics},
	Number = {3},
	Pages = {157-212},
	Title = {Be articulate: a pragmatic theory of presupposition projection},
	Volume = {34},
	Year = {2008},
	Bdsk-Url-1 = {http://dx.doi.org/10.1515/THLI.2008.013}}

@inproceedings{LassiterSALT,
	Author = {Daniel Lassiter},
	Booktitle = {Proceedings of Semantics and Linguistic Theory},
	Date-Added = {2015-02-24 02:24:10 +0000},
	Date-Modified = {2015-02-24 14:28:12 +0000},
	Pages = {597-618},
	Title = {The weakness of \textit{must}: In defense of a Mantra},
	Year = {2014}}

@inproceedings{Stephenson2007,
	Author = {Tamina Stephenson},
	Booktitle = {Proceedings of Sinn und Bedeutung},
	Date-Added = {2015-02-21 21:15:56 +0000},
	Date-Modified = {2016-02-27 17:01:47 +0000},
	Editor = {Puig-Waldmueller},
	Pages = {583-97},
	Title = {A Parallel Account of Epistemic Modals and Predicates of Personal Taste},
	Volume = {11},
	Year = {2007}}

@article{Karttunen74,
	Author = {Lauri Karttunen},
	Date-Added = {2015-02-21 01:51:12 +0000},
	Date-Modified = {2015-02-21 01:53:51 +0000},
	Doi = {10.1515/thli.1974.1.1-3.181},
	Journal = {Theoretical Linguistics},
	Number = {1-3},
	Pages = {181-194},
	Title = {Presuppositions and Linguistic Context},
	Volume = {1},
	Year = {1974},
	Bdsk-Url-1 = {http://dx.doi.org/10.1515/thli.1974.1.1-3.181}}

@incollection{Stalnaker68,
	Author = {Robert Stalnaker},
	Booktitle = {Studies in Logical Theory},
	Date-Added = {2015-02-17 23:15:39 +0000},
	Date-Modified = {2016-01-28 15:23:30 +0000},
	Editor = {Nicholas Rescher},
	Pages = {98-112},
	Publisher = {Oxford: Blackwell},
	Title = {A Theory of Conditionals},
	Year = {1968}}

@article{Presuppositions,
	Author = {Robert Stalnaker},
	Date-Added = {2015-02-12 00:44:24 +0000},
	Date-Modified = {2015-02-12 00:45:11 +0000},
	Journal = {Journal of Philosophical Logic},
	Pages = {447-457},
	Title = {Presuppositions},
	Volume = {2},
	Year = {1973}}

@article{SwansonConstraint,
	Author = {Eric Swanson},
	Date-Added = {2015-02-10 23:56:50 +0000},
	Date-Modified = {2015-06-08 10:09:03 +0000},
	Journal = {Journal of Philosophical Logic},
	Note = {To appear in the Journal of Philosophical Logic},
	Pages = {1-26},
	Title = {The Application of Constraint Semantics to the Language of Subjective Uncertainty},
	Year = {2015}}

@unpublished{KratzerSlides,
	Author = {Angelika Kratzer},
	Date-Added = {2015-02-09 20:26:28 +0000},
	Date-Modified = {2015-02-09 20:27:23 +0000},
	Note = {Presentation to the Jowett Society},
	Title = {The building blocks of attitude reports},
	Year = {2012}}

@phdthesis{Heim82,
	Author = {Irene Heim},
	Date-Added = {2015-02-08 01:26:43 +0000},
	Date-Modified = {2015-02-08 01:27:35 +0000},
	School = {University of Massachusetts, Amherst},
	Title = {The Semantics of Definite and Indefinite Noun Phrases},
	Url = {http://semarch.linguistics.fas.nyu.edu/Archive/jA2YTJmN/Heim%20Dissertation%20with%20Hyperlinks.pdf},
	Year = {1982},
	Bdsk-Url-1 = {http://semarch.linguistics.fas.nyu.edu/Archive/jA2YTJmN/Heim%20Dissertation%20with%20Hyperlinks.pdf}}

@article{Iffiness,
	Author = {Anthony Gillies},
	Date-Added = {2015-02-07 23:17:52 +0000},
	Date-Modified = {2015-02-07 23:18:29 +0000},
	Journal = {Semantics and Pragmatics},
	Pages = {1-42},
	Title = {Iffiness},
	Volume = {3},
	Year = {2010}}

@article{KR12,
	Author = {Nathan Klinedinst and Daniel Rothschild},
	Date-Added = {2015-02-07 23:14:09 +0000},
	Date-Modified = {2015-02-07 23:14:57 +0000},
	Journal = {Natural Language Semantics},
	Pages = {137-175},
	Title = {Connectives without truth tables},
	Volume = {20},
	Year = {2012}}

@incollection{Ramsey78,
	Author = {Frank P. Ramsey},
	Booktitle = {Foundations: Essays in Philosophy, Logic, Mathematics and Economics},
	Date-Added = {2015-02-03 22:14:05 +0000},
	Date-Modified = {2015-02-03 22:15:17 +0000},
	Editor = {D.H. Mellor},
	Pages = {133-51},
	Publisher = {Routledge and Kegan Paul},
	Title = {General Propositions and Causality},
	Year = {1978}}

@book{Internal,
	Address = {Oxford},
	Author = {Robert Stalnaker},
	Date-Added = {2015-02-02 16:34:21 +0000},
	Date-Modified = {2015-02-02 16:35:17 +0000},
	Publisher = {Oxford University Press},
	Title = {Our Knowledge of the Internal World},
	Year = {2010}}

@incollection{LewisICC,
	Author = {David Lewis},
	Booktitle = {Philosophy and Grammar},
	Date-Added = {2015-01-28 18:49:05 +0000},
	Date-Modified = {2015-11-29 00:49:20 +0000},
	Editor = {S. Kanger and S. Ohman},
	Pages = {79-100},
	Publisher = {D. Reidel},
	Title = {Index, Context, and Content},
	Year = {1980}}

@incollection{Szabolcsi82,
	Author = {Anna Szabolcsi},
	Booktitle = {Hungarian General Linguistics},
	Date-Added = {2015-01-28 18:40:57 +0000},
	Date-Modified = {2015-01-28 18:42:11 +0000},
	Editor = {F. Kiefer},
	Publisher = {John Benjamins},
	Title = {Model Theoretic Semantics of Performatives},
	Year = {1982}}

@incollection{KrifkaEmbedding,
	Author = {Manfred Krifka},
	Booktitle = {Recursion: Complexity in Cognition},
	Date-Added = {2015-01-28 15:52:14 +0000},
	Date-Modified = {2015-01-28 15:56:03 +0000},
	Editor = {T. Roeper and M. Speas},
	Publisher = {Springer},
	Series = {Studies in Theoretical Psycholinguistics},
	Title = {Embedding Illocutionary Acts},
	Volume = {43},
	Year = {2014}}

@article{Price,
	Author = {Huw Price},
	Date-Added = {2015-01-27 18:05:42 +0000},
	Date-Modified = {2015-01-27 18:06:35 +0000},
	Journal = {Australasian Journal of Philosophy},
	Number = {4},
	Pages = {396-408},
	Title = {Does `Probably' Modify Sense?},
	Volume = {61},
	Year = {1983}}

@article{Velleman,
	Author = {J. David Velleman},
	Date-Added = {2015-01-22 03:57:56 +0000},
	Date-Modified = {2015-01-22 03:58:55 +0000},
	Journal = {Pacific Philosophical Quarterly},
	Pages = {73-97},
	Title = {Epistemic Freedom},
	Volume = {70},
	Year = {1989}}

@book{Anscombe,
	Author = {G.E.M. Anscombe},
	Date-Added = {2015-01-22 03:23:35 +0000},
	Date-Modified = {2015-01-22 03:23:57 +0000},
	Publisher = {Cornell University Press},
	Title = {Intention},
	Year = {1963}}

@article{vonFintel97,
	Author = {{\SortNoop{Fintel}}von Fintel, Kai},
	Date-Added = {2015-01-18 02:32:19 +0000},
	Date-Modified = {2015-01-18 02:33:02 +0000},
	Journal = {Journal of Semantics},
	Pages = {1-56},
	Title = {Bare Plurals, Bare Conditionals, and \textit{Only}},
	Volume = {14},
	Year = {1997}}

@unpublished{Hajek,
	Author = {{Alan H\'ajek}},
	Date-Added = {2015-01-11 20:49:14 +0000},
	Date-Modified = {2015-01-11 23:36:01 +0000},
	Title = {Most Counterfactuals are False},
	Year = {MS}}

@book{Velleman89,
	Address = {Princeton},
	Author = {David Velleman},
	Date-Added = {2015-01-11 18:33:47 +0000},
	Date-Modified = {2015-01-11 23:36:48 +0000},
	Publisher = {Princeton University Press},
	Title = {Practical Reflection},
	Year = {1989}}

@book{Velleman00,
	Address = {Oxford},
	Author = {David Velleman},
	Date-Added = {2015-01-11 18:33:45 +0000},
	Date-Modified = {2015-01-11 23:37:19 +0000},
	Publisher = {Oxford University Press},
	Title = {The Possibility of Practical Reason},
	Year = {2000}}

@article{ExplainingAction,
	Author = {Kieran Setiya},
	Date-Added = {2015-01-11 18:32:59 +0000},
	Date-Modified = {2015-01-11 23:38:01 +0000},
	Journal = {Philosophical Review},
	Number = {3},
	Pages = {339-93},
	Title = {Explaining Action},
	Volume = {1123},
	Year = {2003}}

@article{Williams08,
	Author = {J. Robert G. Williams},
	Date-Added = {2015-01-10 14:41:35 +0000},
	Date-Modified = {2015-01-10 15:39:38 +0000},
	Journal = {Philosophical Studies},
	Pages = {211-223},
	Title = {Conversations and conditionals},
	Volume = {138},
	Year = {2008}}

@article{Gillies07,
	Author = {Anthony Gillies},
	Date-Added = {2015-01-10 14:23:45 +0000},
	Date-Modified = {2015-01-10 17:30:52 +0000},
	Journal = {Linguistics and Philosophy},
	Number = {3},
	Pages = {329-360},
	Title = {Counterfactual scorekeeping},
	Volume = {30},
	Year = {2007}}

@article{Indicative,
	Author = {Robert Stalnaker},
	Date-Added = {2015-01-09 15:40:58 +0000},
	Date-Modified = {2015-01-09 15:41:53 +0000},
	Journal = {Philosophia},
	Number = {3},
	Pages = {269-86},
	Title = {Indicative Conditionals},
	Volume = {5},
	Year = {1975}}

@incollection{Adverbs,
	Author = {David Lewis},
	Booktitle = {Formal Semantics of Natural Language},
	Date-Added = {2015-01-09 15:23:41 +0000},
	Date-Modified = {2015-01-09 15:25:19 +0000},
	Editor = {Edward Keenan},
	Pages = {3-15},
	Publisher = {Cambridge University Press},
	Title = {Adverbs of Quantification},
	Year = {1975}}

@article{Conditionals,
	Author = {Angelika Kratzer},
	Date-Added = {2015-01-09 15:23:38 +0000},
	Date-Modified = {2015-01-09 15:24:27 +0000},
	Journal = {Chicago Linguistics Society},
	Number = {2},
	Pages = {1-15},
	Title = {Conditionals},
	Volume = {22},
	Year = {1986}}

@unpublished{Piecewise,
	Author = {Matthew Mandelkern},
	Date-Added = {2015-01-08 21:30:53 +0000},
	Date-Modified = {2015-08-22 17:34:19 +0000},
	Title = {Piecewise Semantics}}

@article{Dowell,
	Author = {Janice Dowell},
	Date-Added = {2015-01-06 01:41:36 +0000},
	Date-Modified = {2015-10-29 16:10:49 +0000},
	Journal = {Philosophers' Imprint},
	Number = {14},
	Pages = {1-25},
	Title = {A Flexibly Contextualist Account of Epistemic Modals},
	Volume = {11},
	Year = {2011}}

@incollection{Eganetal,
	Address = {Oxford},
	Author = {Andy Egan and John Hawthorne and Brian Weatherson},
	Booktitle = {Contextualism in Philosophy: Knowledge, Meaning and Truth},
	Chapter = {6},
	Date-Added = {2015-01-05 19:38:20 +0000},
	Date-Modified = {2015-01-05 19:40:36 +0000},
	Editor = {Gerhard Preyer and Georg Peter},
	Pages = {131-169},
	Publisher = {Oxford University Press},
	Title = {Epistemic Modals in Context},
	Year = {2005}}

@unpublished{Salow2015,
	Author = {Bernhard Salow},
	Date-Added = {2014-12-28 00:43:52 +0000},
	Date-Modified = {2014-12-28 00:44:26 +0000},
	Note = {Forthcoming},
	Title = {Elusive Externalism},
	Year = {2015}}

@incollection{Kripke2011,
	Address = {Oxford},
	Author = {Saul Kripke},
	Booktitle = {Philosophical Troubles},
	Date-Added = {2014-12-26 17:17:35 +0000},
	Date-Modified = {2014-12-26 17:20:31 +0000},
	Pages = {373-379},
	Publisher = {Oxford University Press},
	Title = {A Puzzle About Time and Thought},
	Year = {2011}}

@book{Stalnaker2012,
	Address = {Princeton},
	Author = {Robert Stalnaker},
	Date-Added = {2014-12-26 17:14:47 +0000},
	Date-Modified = {2014-12-26 17:18:29 +0000},
	Publisher = {Princeton University Press},
	Title = {Mere Possibilities: Metaphysical Foundations of Modal Semantics},
	Year = {2012}}

@incollection{ConditionalEM,
	Author = {Robert Stalnaker},
	Booktitle = {Ifs: Conditionals, Beliefs, Decision, Chance, and Time},
	Date-Added = {2014-12-24 19:43:13 +0000},
	Date-Modified = {2015-11-02 03:32:40 +0000},
	Editor = {William L. Harper and Robert Stalnaker and Glenn Pearce},
	Pages = {87-105},
	Publisher = {D. Reidel},
	Title = {A Defense of Conditional Excluded Middle},
	Year = {1981}}

@inproceedings{Nissenbaum05,
	Author = {John Nissenbaum},
	Booktitle = {Proceedings of Semantics and Linguistic Theory},
	Date-Added = {2014-12-19 03:01:32 +0000},
	Date-Modified = {2014-12-19 03:02:51 +0000},
	Title = {Kissing Pedro Martinez: (Existential) Anankastic Conditionals and Rationale Clauses},
	Volume = {15},
	Year = {2005}}

@unpublished{vFI05,
	Author = {{\SortNoop{Fintel}}von Fintel, Kai and Sabine Iatridou},
	Date-Added = {2014-12-19 02:38:27 +0000},
	Date-Modified = {2015-11-30 19:26:45 +0000},
	Note = {MS, MIT},
	Title = {What To Do If You Want To Go To {Harlem}: Anankastic Conditionals and Related Matters},
	Year = {2005}}

@incollection{GibbardHarper,
	Author = {Allan Gibbard and William L. Harper},
	Booktitle = {Ifs: Conditionals, Beliefs, Decision, Chance, and Time},
	Date-Added = {2014-12-17 17:12:56 +0000},
	Date-Modified = {2014-12-17 17:14:40 +0000},
	Editor = {William L. Harper and Robert Stalnaker and Glenn Pearce},
	Pages = {153-192},
	Publisher = {D. Reidel Publishing Company},
	Title = {Counterfactuals and Two Kinds of Expected Utility},
	Year = {1981}}

@article{Iatridou2000,
	Author = {Sabine Iatridou},
	Date-Added = {2014-12-16 21:54:07 +0000},
	Date-Modified = {2014-12-16 21:55:31 +0000},
	Journal = {Linguistic Inquiry},
	Number = {2},
	Pages = {231-270},
	Title = {The Grammatical Ingredients of Counterfactuality},
	Volume = {31},
	Year = {2000}}

@article{Asher87,
	Author = {Nicholas Asher},
	Date-Added = {2014-12-16 21:02:31 +0000},
	Date-Modified = {2014-12-16 21:03:14 +0000},
	Journal = {Linguistics and Philosophy},
	Pages = {127-89},
	Title = {A typology for attitude verbs and their anaphoric properties},
	Volume = {10},
	Year = {1987}}

@article{Lasersohn2009,
	Author = {Peter Lasersohn},
	Date-Added = {2014-12-15 23:24:54 +0000},
	Date-Modified = {2014-12-15 23:26:11 +0000},
	Journal = {Synthese},
	Pages = {359-374},
	Title = {Relative truth, speaker commitment, and control of implicit arguments},
	Volume = {166},
	Year = {2009}}

@incollection{CFS,
	Author = {Gennaro Chierchia and Danny Fox and Benjamin Spector},
	Booktitle = {Handbook of Semantics},
	Chapter = {87},
	Date-Added = {2014-12-10 02:11:43 +0000},
	Date-Modified = {2014-12-10 02:39:36 +0000},
	Editor = {von Heusinger, Maienborn and Portner},
	Publisher = {Mouton de Gruyter},
	Title = {The Grammatical View of Scalar Implicature and the Relationship Between Semantics and Pragmatics},
	Year = {2012}}

@article{vonFintel99,
	Author = {{\SortNoop{Fintel}}von Fintel, Kai},
	Date-Added = {2014-12-07 22:17:08 +0000},
	Date-Modified = {2015-11-29 00:47:56 +0000},
	Journal = {Journal of Semantics},
	Number = {2},
	Pages = {97-148},
	Title = {{NPI} Licensing, {Strawson} Entailment, and Context Dependency},
	Volume = {16},
	Year = {1999}}

@article{Jackson85,
	Author = {Frank Jackson},
	Date-Added = {2014-12-07 21:40:13 +0000},
	Date-Modified = {2014-12-07 21:41:02 +0000},
	Journal = {Mind},
	Number = {374},
	Pages = {177-195},
	Title = {On the Semantics and Logic of Obligation},
	Volume = {94},
	Year = {1985}}

@unpublished{MandelkernKarttunen,
	Author = {Matthew Mandelkern},
	Date-Added = {2014-12-02 00:55:33 +0000},
	Date-Modified = {2016-06-17 15:09:47 +0000},
	Title = {What `Must' Adds},
	Year = {MS}}

@article{Blome,
	Author = {Michael Blome-Tillman},
	Date-Added = {2014-11-29 23:50:26 +0000},
	Date-Modified = {2014-11-29 23:52:39 +0000},
	Journal = {Mind},
	Number = {470},
	Pages = {241-294},
	Title = {Knowledge and Presuppositions},
	Volume = {118},
	Year = {2009}}

@incollection{Snedegar,
	Author = {Justin Snedegar},
	Booktitle = {Contrastivism in Philosophy},
	Date-Added = {2014-11-28 23:55:58 +0000},
	Date-Modified = {2014-11-28 23:56:46 +0000},
	Editor = {Martijn Blaauw},
	Publisher = {Routledge},
	Title = {Contrastive Semantics for Deontic Modals},
	Year = {2011}}

@article{Moss2013,
	Author = {Sarah Moss},
	Date-Added = {2014-11-28 23:31:06 +0000},
	Date-Modified = {2015-03-25 22:37:42 +0000},
	Journal = {Philosophical Review},
	Number = {1},
	Pages = {1-43},
	Title = {Epistemology Formalized},
	Volume = {122},
	Year = {2013}}

@article{Heim92,
	Author = {Irene Heim},
	Date-Added = {2014-11-25 02:47:57 +0000},
	Date-Modified = {2014-11-25 02:49:10 +0000},
	Doi = {10.1093/jos/9.3.183},
	Journal = {Journal of Semantics},
	Number = {3},
	Pages = {183-221},
	Title = {Presupposition Projection and the Semantics of Attitude Verbs},
	Volume = {9},
	Year = {1992},
	Bdsk-Url-1 = {http://dx.doi.org/10.1093/jos/9.3.183}}

@mastersthesis{Hackl1998,
	Author = {Martin Hackl},
	Date-Added = {2014-11-20 03:13:48 +0000},
	Date-Modified = {2015-11-02 03:32:09 +0000},
	Month = {February},
	School = {MIT},
	Title = {On the Semantics of `Ability Attributions'},
	Year = {1998}}

@article{Hacquard2010,
	Author = {Valentine Hacquard},
	Date-Added = {2014-11-17 15:44:10 +0000},
	Date-Modified = {2014-12-12 16:41:11 +0000},
	Journal = {Natural Language Semantics},
	Pages = {79-114},
	Title = {On the event relativity of modal auxiliaries},
	Volume = {18},
	Year = {2010}}

@inproceedings{Faller2001,
	Author = {Martina Faller},
	Booktitle = {Proceedings of the `Semfest'},
	Date-Added = {2014-11-13 00:35:05 +0000},
	Date-Modified = {2014-12-10 02:41:28 +0000},
	Editor = {David Beaver and Stefan Kaufmann and Brady Clark and Luis Casillas},
	Publisher = {CSLI Publications: Stanford, CA},
	Title = {Remarks on Evidential Hierarchies},
	Year = {2001}}

@article{Schlenker2010,
	Author = {Philippe Schlenker},
	Date-Added = {2014-11-03 18:53:20 +0000},
	Date-Modified = {2015-02-24 14:26:28 +0000},
	Journal = {Philosophical Studies},
	Pages = {115-142},
	Title = {Local contexts and local meanings},
	Volume = {151},
	Year = {2010}}

@inproceedings{ContextProbabilism,
	Author = {Seth Yalcin},
	Booktitle = {Proceedings of the 18th Amsterdam Colloquium},
	Date-Added = {2014-10-21 15:56:00 +0000},
	Date-Modified = {2014-10-21 15:57:09 +0000},
	Pages = {12-21},
	Title = {Context Probabilism},
	Year = {2012}}

@article{Moss2014,
	Author = {Sarah Moss},
	Date-Added = {2014-10-20 20:37:12 +0000},
	Date-Modified = {2015-07-14 15:48:51 +0000},
	Journal = {Semantics and Pragmatics},
	Pages = {1-81},
	Title = {On the Semantics and Pragmatics of Epistemic Vocabulary},
	Volume = {8},
	Year = {2015}}

@article{Pragmatics,
	Author = {Robert Stalnaker},
	Date-Added = {2014-10-13 14:46:36 +0000},
	Date-Modified = {2015-03-25 22:33:14 +0000},
	Journal = {Synthese},
	Pages = {272-289},
	Title = {Pragmatics},
	Volume = {22},
	Year = {1970}}

@webpage{vonFintel2012,
	Author = {{\SortNoop{Fintel}}von Fintel, Kai},
	Date-Added = {2014-10-02 01:37:28 +0000},
	Date-Modified = {2014-10-02 03:47:16 +0000},
	Title = {The best we can (expect) to get? Challenges to the classic semantics for deontic modals},
	Url = {http://web.mit.edu/fintel/fintel-2012-apa-ought.pdf},
	Year = {2012},
	Bdsk-Url-1 = {http://web.mit.edu/fintel/fintel-2012-apa-ought.pdf}}

@article{Cariani2013,
	Author = {Fabrizio Cariani and Magdalena Kaufmann and Stefan Kaufmann},
	Date-Added = {2014-10-02 01:14:33 +0000},
	Date-Modified = {2014-10-02 01:19:07 +0000},
	Journal = {Linguistics and Philosophy},
	Pages = {225-259},
	Title = {Deliberative modality under epistemic uncertainty},
	Volume = {36},
	Year = {2013}}

@incollection{Simons2010,
	Author = {Mandy Simons},
	Booktitle = {Meaning and Analysis: New Essays on H. Paul Grice},
	Date-Added = {2014-09-05 17:35:40 +0000},
	Date-Modified = {2016-02-17 20:40:29 +0000},
	Editor = {Klaus Petrus and Richard Breheny and Uli Sauerland},
	Publisher = {Palgrave Macmillan},
	Title = {A {Gricean} View on Intrusive Implicatures},
	Year = {2010}}

@incollection{Chierchia2004,
	Address = {Oxford},
	Author = {Gennaro Chierchia},
	Booktitle = {Structure and Beyond: The Cartography of Syntactic Structures},
	Date-Added = {2014-09-05 17:33:43 +0000},
	Date-Modified = {2014-09-05 17:35:26 +0000},
	Editor = {Adriana Belletti},
	Pages = {39-103},
	Publisher = {Oxford University Press},
	Title = {Scalar Implicatures, Polarity Phenomena, and the Syntax/Pragmatics Interface},
	Volume = {3},
	Year = {2004}}

@book{Levinson2000,
	Address = {Cambridge, MA},
	Author = {Stephen Levinson},
	Date-Added = {2014-09-05 17:27:21 +0000},
	Date-Modified = {2014-09-05 17:28:10 +0000},
	Publisher = {MIT Press},
	Title = {Presumptive Meanings: The Theory of Generalized Conversational Implicature},
	Year = {2000}}

@book{Maudlin2012,
	Address = {Princeton},
	Author = {Tim Maudlin},
	Date-Added = {2014-08-27 16:19:38 +0000},
	Date-Modified = {2014-08-27 16:20:19 +0000},
	Publisher = {Princeton University Press},
	Title = {Philosophy of Physics: Space and Time},
	Year = {2012}}

@incollection{OughtInForeign,
	Author = {{\SortNoop{Fintel}}von Fintel, Kai and Sabine Iatridou},
	Booktitle = {Time and Modality},
	Date-Added = {2014-08-27 16:15:02 +0000},
	Date-Modified = {2014-08-27 16:18:05 +0000},
	Editor = {J. Gu{\'e}ron and J. Lecarme},
	Pages = {115-141},
	Publisher = {Springer},
	Title = {How to Say `Ought' In Foreign: The Composition of Weak Necessity Modals},
	Year = {2008}}

@incollection{DeHaan2001,
	Address = {Hamburg},
	Author = {Ferdinand De Haan},
	Booktitle = {{Modalit{\"a}t und Modalverben in Deutschen}},
	Date-Added = {2014-08-19 04:42:44 +0000},
	Date-Modified = {2014-08-19 04:44:25 +0000},
	Editor = {R. M{\"u}ller and M. Reis},
	Publisher = {H. Buske},
	Series = {Linguistische Berichte, Sonderheft 9},
	Title = {The Relation Between Modality and Evidentiality},
	Year = {2001}}

@book{Aikhenvald2004,
	Address = {Oxford},
	Author = {Alexandra Aikhenvald},
	Date-Added = {2014-08-19 04:23:07 +0000},
	Date-Modified = {2014-08-19 04:45:26 +0000},
	Publisher = {Oxford University Press},
	Title = {Evidentiality},
	Year = {2004}}

@book{Izvorski1997,
	Date-Added = {2014-08-19 04:14:42 +0000},
	Date-Modified = {2014-08-19 04:14:46 +0000}}

@book{Rott2001,
	Address = {Oxford},
	Author = {Hans Rott},
	Date-Added = {2014-08-19 03:23:11 +0000},
	Date-Modified = {2014-08-19 03:24:02 +0000},
	Publisher = {Oxford University Press},
	Title = {Change, Choice, and Inference: A Study in Belief Revision and Nonmonotonic Reasoning},
	Year = {2001}}

@incollection{CanAndMustNew,
	Author = {Angelika Kratzer},
	Booktitle = {Modals and Conditionals},
	Date-Added = {2014-08-19 03:18:07 +0000},
	Date-Modified = {2014-10-13 16:09:30 +0000},
	Pages = {1-20},
	Publisher = {Oxford University Press},
	Title = {What `Must' and `Can' Must and Can Mean},
	Year = {2012}}

@inproceedings{Heim88,
	Author = {Irene Heim},
	Booktitle = {The Second West Coast Conference on Formal Linguistics ({WCCFL})},
	Date-Added = {2014-07-31 16:28:38 +0000},
	Date-Modified = {2015-12-20 19:03:55 +0000},
	Doi = {10.1002/9780470758335.ch10},
	Editor = {Michael Barlow and Daniel P. Flickinger and Nancy Wiegand},
	Organization = {Stanford},
	Pages = {114-125},
	Publisher = {Stanford University Press},
	Title = {On the Projection Problem for Presuppositions},
	Volume = {2},
	Year = {1983},
	Bdsk-Url-1 = {http://dx.doi.org/10.1002/9780470758335.ch10}}

@incollection{KratzerModality,
	Address = {Berlin},
	Author = {Angelika Kratzer},
	Booktitle = {Semantics: An International Handbook of Contemporary Research},
	Date-Added = {2014-07-28 17:14:02 +0000},
	Date-Modified = {2014-07-28 17:15:01 +0000},
	Editor = {Arnim von Stechow and Dieter Wunderlich},
	Pages = {639-650},
	Publisher = {de Gruyter},
	Title = {Modality},
	Year = {1991}}

@phdthesis{Veltman85,
	Author = {Frank Veltman},
	Date-Added = {2014-07-28 17:13:27 +0000},
	Date-Modified = {2014-07-28 17:14:00 +0000},
	School = {University of Amsterdam},
	Title = {Logics for Conditionals},
	Year = {1985}}

@unpublished{Mandelkern2014b,
	Author = {Matthew Mandelkern},
	Date-Added = {2014-07-21 17:50:12 +0000},
	Date-Modified = {2015-01-09 17:55:29 +0000},
	Title = {Self-Determination and the Semantic Representation of Uncertainty},
	Year = {MS}}

@article{Yalcin2010,
	Author = {Seth Yalcin},
	Date-Added = {2014-07-06 20:32:26 +0000},
	Date-Modified = {2014-07-06 20:34:12 +0000},
	Journal = {Philosophy Compass},
	Number = {11},
	Pages = {916-937},
	Title = {Probability Operators},
	Volume = {5},
	Year = {2010}}

@book{GibbardApt,
	Address = {Cambridge, MA},
	Author = {Allan Gibbard},
	Date-Added = {2014-07-03 15:13:55 +0000},
	Date-Modified = {2014-07-03 15:26:53 +0000},
	Publisher = {Harvard University Press},
	Title = {Wise Choices, Apt Feelings},
	Year = {1990}}

@article{Stalnaker1998,
	Author = {Robert Stalnaker},
	Date-Added = {2014-06-27 21:27:09 +0000},
	Date-Modified = {2014-06-27 21:27:51 +0000},
	Journal = {Journal of Logic, Language and Information},
	Number = {1},
	Pages = {3-19},
	Title = {On the Representation of Context},
	Volume = {7},
	Year = {1998}}

@unpublished{Mandelkern2014,
	Author = {Matthew Mandelkern},
	Date-Added = {2014-06-26 23:22:56 +0000},
	Date-Modified = {2016-02-06 22:18:20 +0000},
	Note = {Manuscript},
	Title = {How To Do Things With Modals},
	Year = {2016}}

@inproceedings{Stone1994,
	Author = {Matthew Stone},
	Booktitle = {Proceedings of IWCS 1},
	Date-Added = {2014-06-26 18:58:03 +0000},
	Date-Modified = {2014-06-26 19:01:05 +0000},
	Pages = {181-190},
	Title = {The reference argument of epistemic \textit{must}},
	Year = {1994}}

@incollection{Karttunen1972,
	Address = {New York},
	Author = {Lauri Karttunen},
	Booktitle = {Syntax and Semantics},
	Date-Added = {2014-06-22 02:41:01 +0000},
	Date-Modified = {2014-06-22 02:42:40 +0000},
	Editor = {J. Kimball},
	Pages = {1-20},
	Publisher = {Academic Press},
	Title = {Possible and Must},
	Volume = {1},
	Year = {1972}}

@incollection{OpinionatedGuide,
	Author = {{\SortNoop{Fintel}}von Fintel, Kai and Anthony Gillies},
	Booktitle = {Oxford Studies in Epistemology 2},
	Date-Added = {2014-06-17 22:50:42 +0000},
	Date-Modified = {2014-06-17 22:51:42 +0000},
	Editor = {Tamar Gendler and John Hawthorne},
	Pages = {32-62},
	Publisher = {Oxford},
	Title = {An Opinionated Guide to Epistemic Modality},
	Year = {2007}}

@article{Dever2013,
	Author = {Josh Dever},
	Date-Added = {2014-06-17 22:45:01 +0000},
	Date-Modified = {2014-06-17 22:45:55 +0000},
	Journal = {Philosophical Issues},
	Pages = {104-144},
	Title = {The Revenge of the Semantics-Pragmatics Distinction},
	Volume = {27},
	Year = {2013}}

@book{MooreCommonplace,
	Author = {G.E. Moore},
	Date-Added = {2014-06-11 14:54:02 +0000},
	Date-Modified = {2014-06-11 14:56:00 +0000},
	Publisher = {Routledge},
	Title = {Commonplace Book},
	Year = {1962}}

@article{Teller1972,
	Author = {Paul Teller},
	Date-Added = {2014-06-11 14:30:58 +0000},
	Date-Modified = {2015-03-25 22:29:42 +0000},
	Journal = {Philosophia},
	Number = {4},
	Pages = {303-320},
	Title = {Epistemic Possibility},
	Volume = {2},
	Year = {1972}}

@article{Hacking1967,
	Author = {Ian Hacking},
	Date-Added = {2014-06-11 14:30:16 +0000},
	Date-Modified = {2014-06-11 14:30:40 +0000},
	Journal = {Philosophical Review},
	Number = {2},
	Pages = {143-168},
	Title = {Possibility},
	Volume = {76},
	Year = {1967}}

@article{DeRose1991,
	Author = {Keith DeRose},
	Date-Added = {2014-06-11 14:27:26 +0000},
	Date-Modified = {2014-06-11 14:27:58 +0000},
	Journal = {Philosophical Review},
	Number = {4},
	Pages = {581-605},
	Title = {Epistemic Possibilities},
	Volume = {100},
	Year = {1991}}

@article{DeRose2004,
	Author = {Keith DeRose},
	Date-Added = {2014-06-10 01:51:08 +0000},
	Date-Modified = {2014-06-10 01:51:57 +0000},
	Journal = {Philosophical Studies},
	Pages = {1-21},
	Title = {Single Scoreboard Semantics},
	Volume = {119},
	Year = {2004}}

@incollection{Ninan2005,
	Author = {Dilip Ninan},
	Booktitle = {New Work on Modality},
	Date-Added = {2014-06-02 21:17:17 +0000},
	Date-Modified = {2014-12-16 18:19:24 +0000},
	Editor = {J. Gajewski and V. Hacquard and B. Nickel and S. Yalcin},
	Publisher = {MIT Working Papers in Linguistics},
	Title = {Two Puzzles About Deontic Necessity},
	Volume = {51},
	Year = {2005}}

@book{Bratman1987,
	Author = {Michael Bratman},
	Date-Added = {2014-06-02 21:16:31 +0000},
	Date-Modified = {2014-06-02 21:17:02 +0000},
	Publisher = {Harvard University Press},
	Title = {Intention, Plans, and Practical Reason},
	Year = {1987}}

@book{Yablo2014,
	Author = {Stephen Yablo},
	Date-Added = {2014-06-02 02:51:34 +0000},
	Date-Modified = {2014-06-02 02:51:56 +0000},
	Publisher = {Princeton University Press},
	Title = {Aboutness},
	Year = {2014}}

@article{Ogihara2005,
	Author = {Toshiyuki Ogihara},
	Date-Added = {2014-05-26 18:27:28 +0000},
	Date-Modified = {2015-03-25 22:36:22 +0000},
	Journal = {Lingua},
	Pages = {392-418},
	Title = {Tense and Aspect in truth-conditional semantics},
	Volume = {117},
	Year = {2007}}

@book{Beaver2001,
	Author = {David Beaver},
	Date-Added = {2014-05-20 15:54:14 +0000},
	Date-Modified = {2015-12-20 19:06:03 +0000},
	Publisher = {CSLI Publications: Stanford, CA},
	Title = {Presupposition and Assertion in Dynamic Semantics},
	Url = {http://codenlp.ru/wp-content/uploads/2014/01/Presuppozitsii-1-ENG.pdf},
	Year = {2001},
	Bdsk-Url-1 = {http://codenlp.ru/wp-content/uploads/2014/01/Presuppozitsii-1-ENG.pdf}}

@article{Clarity,
	Author = {Chris Barker},
	Date-Added = {2014-05-20 15:41:36 +0000},
	Date-Modified = {2015-03-25 22:49:43 +0000},
	Journal = {Mind and Language},
	Number = {3},
	Pages = {253-73},
	Title = {Clarity and the Grammar of Skepticism},
	Volume = {24},
	Year = {2009}}

@article{YalcinFigureandGround,
	Author = {Seth Yalcin},
	Date-Added = {2014-05-19 22:33:29 +0000},
	Date-Modified = {2016-06-02 16:10:11 +0000},
	Journal = {Philosophy and Phenomenological Research},
	Title = {Figure and Ground in Logical Space},
	Year = {2016}}

@book{GriceLC,
	Author = {Paul Grice},
	Booktitle = {Studies in the Way of Words},
	Date-Added = {2014-05-06 20:32:16 +0000},
	Date-Modified = {2015-02-22 19:59:52 +0000},
	Publisher = {Harvard},
	Title = {Studies in the Way of Words},
	Year = {1989}}

@article{Murray2014,
	Author = {Sarah Murray},
	Date-Added = {2014-05-06 17:25:34 +0000},
	Date-Modified = {2014-05-06 17:26:38 +0000},
	Journal = {Semantics and Pragmatics},
	Title = {Varieties of Update},
	Volume = {7},
	Year = {2014}}

@article{Santorio2012,
	Author = {Paolo Santorio},
	Date-Added = {2014-05-04 00:11:41 +0000},
	Date-Modified = {2014-05-04 00:11:56 +0000},
	Journal = {Philosophical Review},
	Title = {Reference and Monstrosity},
	Year = {2012}}

@article{Krifka2012,
	Author = {Manfred Krifka},
	Date-Added = {2014-04-22 00:26:38 +0000},
	Date-Modified = {2014-04-22 00:26:59 +0000},
	Title = {Negated Polarity Questions as Denegations of Assertions},
	Year = {2012}}

@article{Korsgaard1992,
	Author = {Christine Korsgaard},
	Date-Added = {2014-03-30 11:09:51 -0400},
	Date-Modified = {2014-03-30 11:11:21 -0400},
	Journal = {Philosophical Perspectives},
	Title = {Creating the Kingdom of Ends: Reciprocity and Responsibility in Personal Relationships},
	Year = {1992}}

@book{ContextandContent,
	Author = {Robert Stalnaker},
	Date-Added = {2014-03-08 17:08:41 -0500},
	Date-Modified = {2014-03-08 17:09:17 -0500},
	Publisher = {Oxford University Press},
	Title = {Context and Content},
	Year = {1999}}

@article{Barker2013,
	Author = {Chris Barker},
	Date-Added = {2014-03-08 11:48:24 -0500},
	Date-Modified = {2015-03-25 22:48:39 +0000},
	Journal = {Inquiry},
	Number = {2-3},
	Pages = {240-257},
	Title = {Negotiating Taste},
	Volume = {56},
	Year = {2013}}

@article{Barker2002,
	Author = {Chris Barker},
	Date-Added = {2014-03-08 11:47:59 -0500},
	Date-Modified = {2015-03-25 22:49:31 +0000},
	Journal = {Linguistics and Philosophy},
	Number = {1},
	Pages = {1-36},
	Title = {Dynamics of Vagueness},
	Volume = {25},
	Year = {2002}}

@article{LewisGeneral,
	Author = {David Lewis},
	Date-Added = {2014-02-17 19:14:56 -0500},
	Date-Modified = {2015-03-25 22:40:11 +0000},
	Journal = {Synthese},
	Pages = {18-67},
	Title = {General Semantics},
	Volume = {22},
	Year = {1970}}

@book{StalnakerContexts,
	Author = {Robert Stalnaker},
	Date-Added = {2014-01-29 21:06:07 -0500},
	Date-Modified = {2014-07-23 13:58:16 +0000},
	Publisher = {Oxford University Press},
	Title = {Context},
	Year = {2014}}

@article{Strawson,
	Author = {P. F. Strawson},
	Date-Added = {2014-01-26 00:22:40 -0500},
	Date-Modified = {2014-01-26 00:24:04 -0500},
	Journal = {Proceedings of the British Academy},
	Title = {Freedom and Resentment},
	Year = {1962}}

@article{Rosen2004,
	Author = {Gideon Rosen},
	Date-Added = {2014-01-25 21:59:18 -0500},
	Date-Modified = {2014-01-25 21:59:54 -0500},
	Journal = {Philosophical Perspectives},
	Title = {Skepticism About Moral Responsibility},
	Year = {2004}}

@unpublished{SliwaForthcoming,
	Author = {Paulina Sliwa},
	Date-Added = {2014-01-25 21:52:57 -0500},
	Date-Modified = {2014-01-25 21:53:45 -0500},
	Note = {Forthcoming},
	Title = {Moral Worth and Moral Knowledge}}

@article{KnobeYalcin,
	Author = {Joshua Knobe and Seth Yalcin},
	Date-Added = {2014-01-12 00:11:47 -0500},
	Date-Modified = {2015-01-07 12:57:03 +0000},
	Journal = {Semantics and Pragmatics},
	Number = {10},
	Pages = {1-21},
	Title = {Epistemic modals and context: Experimental data},
	Volume = {7},
	Year = {2014}}

@article{LewisScorekeeping,
	Author = {David Lewis},
	Date-Added = {2014-01-10 14:50:32 -0500},
	Date-Modified = {2015-09-15 01:36:03 +0000},
	Journal = {Journal of Philosophical Logic},
	Number = {1},
	Pages = {339-359},
	Title = {Scorekeeping in a Language Game},
	Volume = {8},
	Year = {1979}}

@article{DeRose2002,
	Author = {Keith DeRose},
	Date-Added = {2014-01-10 10:27:56 -0500},
	Date-Modified = {2016-01-06 20:42:45 +0000},
	Journal = {Philosophical Review},
	Pages = {167-203},
	Title = {Assertion, Knowledge, and Context},
	Volume = {111},
	Year = {2002}}

@article{Rabern2013,
	Author = {Brian Rabern},
	Date-Added = {2014-01-09 17:17:11 -0500},
	Date-Modified = {2016-05-07 14:54:10 +0000},
	Journal = {Philosophical Studies},
	Title = {Monsters in {Kaplan's} logic of demonstratives},
	Year = {2013}}

@article{Rabern:2012,
	Author = {Brian Rabern},
	Date-Added = {2014-01-09 17:16:28 -0500},
	Date-Modified = {2016-05-25 16:15:32 +0000},
	Journal = {Synthese},
	Number = {1},
	Pages = {75-96},
	Title = {Against the Identification of Assertoric Content with Compositional Value},
	Volume = {189},
	Year = {2012}}

@article{Schlenker2003,
	Author = {Philippe Schlenker},
	Date-Added = {2014-01-09 17:13:41 -0500},
	Date-Modified = {2014-01-09 17:14:15 -0500},
	Journal = {Linguistics and Philosophy},
	Title = {A Plea for Monsters},
	Year = {2003}}

@incollection{Austin,
	Author = {J. L. Austin},
	Booktitle = {Philosophical Papers},
	Date-Added = {2014-01-09 16:51:29 -0500},
	Date-Modified = {2014-01-09 16:55:00 -0500},
	Publisher = {Oxford University Press},
	Title = {Performative Utterances},
	Year = {1979}}

@incollection{Portner2004,
	Author = {Paul Portner},
	Booktitle = {Proceedings of Semantics and Linguistic Theory},
	Date-Added = {2014-01-09 14:52:04 -0500},
	Date-Modified = {2014-12-19 03:03:11 +0000},
	Publisher = {Cornell University Linguistics Department},
	Title = {The Semantics of Imperatives within a Theory of Clause Types},
	Volume = {14},
	Year = {2004}}

@book{HeimandKratzer,
	Author = {Irene Heim and Angelika Kratzer},
	Date-Added = {2014-01-08 11:42:35 -0500},
	Date-Modified = {2014-01-09 14:55:08 -0500},
	Publisher = {Blackwell},
	Title = {Semantics in Generative Grammar},
	Year = {1998}}

@book{Lewis1986,
	Author = {David Lewis},
	Date-Added = {2014-01-08 11:38:55 -0500},
	Date-Modified = {2014-01-08 11:39:45 -0500},
	Publisher = {Wiley},
	Title = {On the Plurality of Worlds},
	Year = {1986}}

@article{Lewis1996,
	Author = {David Lewis},
	Date-Added = {2014-01-06 16:38:44 -0500},
	Date-Modified = {2015-09-15 01:37:53 +0000},
	Journal = {Australasian Journal of Philosophy},
	Number = {4},
	Pages = {549-567},
	Title = {Elusive Knowledge},
	Volume = {74},
	Year = {1996}}

@incollection{Swanson,
	Author = {Eric Swanson},
	Booktitle = {Epistemic Modality},
	Date-Added = {2014-01-05 18:16:39 -0500},
	Date-Modified = {2014-06-11 17:56:05 +0000},
	Editor = {Andy Egan and Brian Weatherson},
	Publisher = {Oxford University Press},
	Title = {How Not To Theorize About the Language of Subjective Uncertainty},
	Year = {2011}}

@article{Heller1999,
	Author = {Mark Heller},
	Date-Added = {2014-01-03 21:42:27 -0500},
	Date-Modified = {2014-01-03 21:42:56 -0500},
	Journal = {Nous},
	Title = {The Proper Role for Contextualism in an Anti-Luck Epistemology},
	Year = {1999}}

@article{Cohen2013,
	Author = {Stewart Cohen and Juan Comesa{\~n}a},
	Date-Added = {2014-01-02 19:11:45 -0500},
	Date-Modified = {2014-01-02 19:14:08 -0500},
	Journal = {Inquiry},
	Title = {Williamson on Gettier Cases and Epistemic Logic},
	Year = {2013}}

@article{Gettier1963,
	Author = {Edmund Gettier},
	Date-Added = {2014-01-02 18:40:13 -0500},
	Date-Modified = {2014-01-02 18:40:43 -0500},
	Journal = {Analysis},
	Title = {Is Justified True Belief Knowledge?},
	Year = {1963}}

@incollection{DeRose2009,
	Author = {Keith DeRose},
	Booktitle = {The Case For Contextualism: Knowledge, Skepticism, and Context},
	Date-Added = {2014-01-01 20:53:08 -0500},
	Date-Modified = {2014-01-01 20:54:21 -0500},
	Publisher = {Oxford University Press},
	Title = {Now You Know It Now You Don't},
	Year = {2009}}

@article{Cross2010,
	Author = {Troy Cross},
	Date-Added = {2014-01-01 14:46:12 -0500},
	Date-Modified = {2014-01-01 14:47:10 -0500},
	Journal = {Oxford Studies in Epistemology},
	Title = {Skeptical Success},
	Year = {2010}}

@book{Pritchard2007,
	Author = {Duncan Pritchard},
	Date-Added = {2014-01-01 13:13:13 -0500},
	Date-Modified = {2014-01-01 13:13:31 -0500},
	Publisher = {Oxford University Press},
	Title = {Epistemic Luck},
	Year = {2007}}

@article{Weatherson2005,
	Author = {Brian Weatherson},
	Date-Added = {2013-12-31 22:34:26 -0500},
	Date-Modified = {2013-12-31 22:35:07 -0500},
	Journal = {Philosophical Perspectives},
	Title = {Can We Do Without Pragmatic Encroachment?},
	Year = {2005}}

@article{Schaffer2007a,
	Author = {Jonathan Schaffer},
	Date-Added = {2013-12-31 22:26:22 -0500},
	Date-Modified = {2013-12-31 22:35:21 -0500},
	Journal = {Philosophy and Phenomenological Research},
	Title = {Knowing the Answer},
	Year = {2007}}

@article{Loewer2001,
	Author = {Barry Loewer},
	Date-Added = {2013-12-30 16:50:29 -0500},
	Date-Modified = {2013-12-30 16:50:56 -0500},
	Journal = {Studies in the History of Modern Physics},
	Title = {Determinism and Chance},
	Year = {2001}}

@article{Schaffer2007,
	Author = {Jonathan Schaffer},
	Date-Added = {2013-12-30 16:39:54 -0500},
	Date-Modified = {2013-12-30 16:40:38 -0500},
	Journal = {British Journal for the Philosophy of Science},
	Title = {Deterministic Chance?},
	Year = {2007}}

@book{Williamson2000,
	Author = {Timothy Williamson},
	Date-Added = {2013-12-30 16:38:31 -0500},
	Date-Modified = {2013-12-30 16:39:06 -0500},
	Publisher = {Oxford University Press},
	Title = {Knowledge and its Limits},
	Year = {2000}}

@article{Williamson2001,
	Author = {Timothy Williamson},
	Date-Added = {2013-12-29 15:27:20 -0500},
	Date-Modified = {2014-05-11 16:54:08 +0000},
	Journal = {Philosophical Studies},
	Title = {Comments on Michael Williams' `Contextualism, Externalism and Epistemic Standards'},
	Year = {2001}}

@incollection{NagelMoralLuck,
	Author = {Thomas Nagel},
	Booktitle = {Mortal Questions},
	Date-Added = {2013-12-29 12:50:51 -0500},
	Date-Modified = {2013-12-29 12:51:23 -0500},
	Publisher = {Cambridge University Press},
	Title = {Moral Luck},
	Year = {1979}}

@incollection{WilliamsMoralLuck,
	Author = {Bernard Williams},
	Booktitle = {Moral Luck},
	Date-Added = {2013-12-29 12:45:33 -0500},
	Date-Modified = {2013-12-29 12:47:09 -0500},
	Publisher = {Cambridge University Press},
	Title = {Moral Luck},
	Year = {1982}}

@article{Hawthorne2007,
	Author = {John Hawthorne},
	Date-Added = {2013-12-29 12:36:40 -0500},
	Date-Modified = {2014-01-02 19:27:13 -0500},
	Journal = {Philosophical Issues},
	Title = {Eavesdroppers and Epistemic Modals},
	Year = {2007}}

@book{Hawthorne2003,
	Author = {John Hawthorne},
	Date-Added = {2013-12-29 12:33:55 -0500},
	Date-Modified = {2013-12-29 12:34:14 -0500},
	Publisher = {Oxford University Press},
	Title = {Knowledge and Lotteries},
	Year = {2003}}

@article{Kratzer1977,
	Author = {Angelika Kratzer},
	Date-Added = {2013-12-23 21:41:14 -0500},
	Date-Modified = {2018-09-27 15:36:49 +0000},
	Journal = {Linguistics and Philosophy},
	Number = {3},
	Pages = {337-355},
	Title = {What `Must' and `Can' Must and Can Mean},
	Volume = {1},
	Year = {1977}}

@article{MustStayStrong,
	Author = {{\SortNoop{Fintel}}von Fintel, Kai and Anthony Gillies},
	Date-Added = {2013-12-22 22:14:17 -0500},
	Date-Modified = {2015-03-25 22:46:27 +0000},
	Journal = {Natural Language Semantics},
	Number = {4},
	Pages = {351-383},
	Title = {Must...Stay...Strong!},
	Volume = {18},
	Year = {2010}}

@unpublished{NickelForthcoming,
	Author = {Bernhard Nickel},
	Date-Added = {2013-12-18 18:03:11 -0500},
	Date-Modified = {2013-12-18 18:04:06 -0500},
	Note = {Forthcoming},
	Title = {Between Logic and the World: An Integrated Theory of Generics}}

@article{DorrHawthorneForthcoming,
	Author = {Cian Dorr and John Hawthorne},
	Date-Added = {2013-12-17 18:12:54 -0500},
	Date-Modified = {2014-12-07 22:42:03 +0000},
	Journal = {Mind},
	Number = {488},
	Pages = {867-913},
	Title = {Embedding Epistemic Modals},
	Volume = {122},
	Year = {2013}}

@article{Stalnaker2009,
	Author = {Robert Stalnaker},
	Date-Added = {2013-12-17 11:01:54 -0500},
	Date-Modified = {2014-01-09 17:29:08 -0500},
	Journal = {Mind},
	Title = {On Hawthorne and Magidor on Assertion, Context, and Epistemic Accessibility},
	Year = {2009}}

@incollection{Kratzer2012,
	Address = {Oxford},
	Author = {Angelika Kratzer},
	Booktitle = {Modals and Conditionals: New and Revised Perspectives},
	Date-Added = {2013-12-15 22:40:19 -0500},
	Date-Modified = {2014-08-19 03:44:23 +0000},
	Editor = {Angelika Kratzer},
	Pages = {21-69},
	Publisher = {Oxford University Press},
	Title = {The Notional Category of Modality},
	Year = {2012}}

@incollection{Kratzer1981,
	Author = {Angelika Kratzer},
	Booktitle = {Words, Worlds, and Contexts: New Approaches in Word Semantics},
	Date-Added = {2013-12-15 15:46:28 -0500},
	Date-Modified = {2013-12-15 15:48:29 -0500},
	Editor = {H. Eikmeyer and H. Rieser},
	Publisher = {de Gruyter},
	Title = {The Notional Category of Modality},
	Year = {1981}}

@incollection{Permission,
	Author = {Stephen Yablo},
	Booktitle = {Epistemic Modality},
	Date-Added = {2013-12-15 15:46:05 -0500},
	Date-Modified = {2015-03-25 22:12:04 +0000},
	Pages = {270-293},
	Publisher = {Oxford University Press},
	Title = {A Problem About Permission and Possibility},
	Year = {2011}}

@incollection{NonCatastrophic,
	Author = {Stephen Yablo},
	Booktitle = {Content and Modality: Themes from the Philosophy of Robert Stalnaker},
	Date-Added = {2013-12-07 21:39:03 -0500},
	Date-Modified = {2013-12-08 17:20:29 -0500},
	Editor = {Alex Byrne and Judith Jarvis Thomson},
	Publisher = {Oxford University Press},
	Title = {Non-Catastrophic Presupposition Failure},
	Year = {2006}}

@article{PresuppositionAccommodation,
	Author = {{\SortNoop{Fintel}}von Fintel, Kai},
	Date-Added = {2013-12-07 21:27:43 -0500},
	Date-Modified = {2015-03-25 22:47:50 +0000},
	Doi = {10.1111/j.1520-8583.2008.00144.x},
	Journal = {Philosophical Perspectives},
	Number = {1},
	Pages = {137-170},
	Title = {What is Presupposition Accommodation, Again?},
	Volume = {22},
	Year = {2008},
	Bdsk-Url-1 = {http://dx.doi.org/10.1111/j.1520-8583.2008.00144.x}}

@incollection{PragmaticPresuppositions,
	Address = {New York},
	Author = {Robert Stalnaker},
	Booktitle = {Semantics and Philosophy},
	Date-Added = {2013-12-07 20:34:49 -0500},
	Date-Modified = {2016-01-28 15:22:50 +0000},
	Editor = {Milton K. Munitz and Peter Unger},
	Pages = {197-213},
	Publisher = {New York University Press},
	Title = {Pragmatic Presuppositions},
	Year = {1974}}

@article{CommonGround,
	Author = {Robert Stalnaker},
	Date-Added = {2013-12-07 20:34:06 -0500},
	Date-Modified = {2015-03-25 22:31:44 +0000},
	Doi = {10.1023/A:1020867916902},
	Journal = {Linguistics and Philosophy},
	Pages = {701-721},
	Title = {Common Ground},
	Volume = {25},
	Year = {2002},
	Bdsk-Url-1 = {http://dx.doi.org/10.1023/A:1020867916902}}

@incollection{Nonfactualism,
	Author = {Seth Yalcin},
	Booktitle = {Epistemic Modality},
	Date-Added = {2013-12-07 12:19:30 -0500},
	Date-Modified = {2015-03-25 22:10:45 +0000},
	Editor = {Andy Egan and Brian Weatherson},
	Pages = {295-332},
	Publisher = {Oxford University Press},
	Title = {Nonfactualism About Epistemic Modality},
	Year = {2011}}

@article{BayesianExpressivism,
	Author = {Seth Yalcin},
	Date-Added = {2013-12-07 12:18:30 -0500},
	Date-Modified = {2015-03-25 22:10:11 +0000},
	Journal = {Proceedings of the Aristotelian Society},
	Number = {2},
	Pages = {123-160},
	Title = {Bayesian Expressivism},
	Volume = {CXII},
	Year = {2012}}

@article{Dynamics,
	Author = {Malte Willer},
	Date-Added = {2013-12-07 12:17:57 -0500},
	Date-Modified = {2015-03-25 22:18:07 +0000},
	Journal = {Philosophical Review},
	Number = {1},
	Pages = {45-92},
	Title = {Dynamics of Epistemic Modality},
	Volume = {122},
	Year = {2013}}

@article{NewSolution,
	Author = {Anthony Gillies},
	Date-Added = {2013-12-07 12:17:12 -0500},
	Date-Modified = {2013-12-08 17:18:51 -0500},
	Journal = {Philosophical Studies},
	Title = {A New Solution to Moore's Paradox},
	Year = {2001}}

@incollection{MightMadeRight,
	Author = {{\SortNoop{Fintel}}von Fintel, Kai and Anthony Gillies},
	Booktitle = {Epistemic Modality},
	Date-Added = {2013-12-07 12:15:36 -0500},
	Date-Modified = {2016-01-10 17:38:19 +0000},
	Editor = {Andy Egan and Brian Weatherson},
	Publisher = {Oxford University Press},
	Title = {{`Might'} Made Right},
	Year = {2011}}

@article{Veltman,
	Author = {Frank Veltman},
	Date-Added = {2013-12-07 12:12:06 -0500},
	Date-Modified = {2015-03-25 22:29:05 +0000},
	Journal = {Journal of Philosophical Logic},
	Number = {3},
	Pages = {221-261},
	Title = {Defaults in Update Semantics},
	Volume = {25},
	Year = {1996}}

@incollection{MacFarlaneEMAS,
	Author = {John MacFarlane},
	Booktitle = {Epistemic Modality},
	Date-Added = {2013-12-07 12:09:45 -0500},
	Date-Modified = {2013-12-08 17:20:10 -0500},
	Editor = {Andy Egan and Brian Weatherson},
	Publisher = {Oxford University Press},
	Title = {Epistemic Modals Are Assessment Sensitive},
	Year = {2011}}

@article{YalcinEpistemicModals,
	Author = {Seth Yalcin},
	Date-Added = {2013-12-07 11:41:41 -0500},
	Date-Modified = {2015-03-25 22:09:28 +0000},
	Journal = {Mind},
	Number = {464},
	Pages = {983-1026},
	Title = {Epistemic Modals},
	Volume = {116},
	Year = {2007}}

@incollection{vonFintelCIDE,
	Author = {{\SortNoop{Fintel}}von Fintel, Kai},
	Booktitle = {Ken {Hale}: A Life in Language},
	Date-Added = {2013-12-01 23:00:02 -0500},
	Date-Modified = {2018-09-27 15:37:12 +0000},
	Publisher = {MIT Press},
	Title = {Counterfactuals in a Dynamic Context},
	Year = {2001}}

@article{YabloCandE,
	Author = {Stephen Yablo},
	Date-Added = {2013-12-01 22:58:23 -0500},
	Date-Modified = {2013-12-01 22:59:03 -0500},
	Journal = {Synthese},
	Title = {Cause and Essence},
	Year = {1992}}

@incollection{LewisCausalE,
	Author = {David Lewis},
	Booktitle = {Philosophical Papers Volume II},
	Date-Added = {2013-12-01 22:57:11 -0500},
	Date-Modified = {2013-12-01 22:58:01 -0500},
	Publisher = {Oxford University Press},
	Title = {Causal Explanation},
	Year = {1987}}

@article{ElgaStatistical,
	Author = {Adam Elga},
	Date-Added = {2013-12-01 22:55:48 -0500},
	Date-Modified = {2013-12-01 22:56:38 -0500},
	Journal = {Philosophy of Science},
	Title = {Statistical Mechanics and the Asymmetry of Causal Dependence},
	Year = {2000}}

@article{LewisCounterfactualD,
	Author = {David Lewis},
	Date-Added = {2013-12-01 22:54:05 -0500},
	Date-Modified = {2013-12-08 17:19:35 -0500},
	Journal = {Nous},
	Title = {Counterfactual Dependence and Time's Arrow},
	Year = {1979}}

@article{KmentCounterfactualsandExplanation,
	Author = {Boris Kment},
	Date-Added = {2013-12-01 22:50:54 -0500},
	Date-Modified = {2013-12-01 22:51:56 -0500},
	Journal = {Nous},
	Title = {Counterfactuals and Explanation},
	Year = {2006}}

@incollection{Edgington,
	Author = {Dorothy Edgington},
	Booktitle = {Cause and Chance: Causation in an Indeterministic World},
	Date-Added = {2013-12-01 18:10:15 -0500},
	Date-Modified = {2013-12-01 18:13:40 -0500},
	Editor = {Phil Dowe and Paul Noordhof},
	Publisher = {Routledge},
	Title = {Counterfactuals and the benefit of hindsight.},
	Year = {2004}}

@article{KmentCausation,
	Author = {Boris Kment},
	Date-Added = {2013-12-01 16:40:52 -0500},
	Date-Modified = {2013-12-01 16:41:34 -0500},
	Journal = {Nous},
	Title = {Causation: Determination and Difference Making},
	Year = {2010}}

@article{CIALeaks,
	Author = {{\SortNoop{Fintel}}von Fintel, Kai and Anthony Gillies},
	Date-Added = {2013-11-10 21:04:21 -0500},
	Date-Modified = {2015-12-14 19:15:33 +0000},
	Journal = {Philosophical Review},
	Number = {1},
	Pages = {77-98},
	Title = {{CIA} Leaks},
	Volume = {117},
	Year = {2008}}

@article{EMCXPhi,
	Author = {Justin Khoo},
	Date-Added = {2013-11-10 18:02:09 -0500},
	Date-Modified = {2014-04-14 01:13:45 +0000},
	Title = {Modal Disagreements},
	Year = {2014}}

@book{Inquiry,
	Author = {Robert Stalnaker},
	Date-Added = {2013-11-10 10:56:23 -0500},
	Date-Modified = {2013-11-10 10:56:41 -0500},
	Publisher = {MIT},
	Title = {Inquiry},
	Year = {1984}}

@incollection{Assertion,
	Author = {Robert Stalnaker},
	Booktitle = {Syntax and semantics},
	Date-Added = {2013-11-09 12:49:36 -0500},
	Date-Modified = {2014-11-07 16:12:23 +0000},
	Editor = {Peter Cole},
	Pages = {315-322},
	Publisher = {New York: Academic Press},
	Title = {Assertion},
	Volume = {9},
	Year = {1978}}

@article{ModalArgument,
	Author = {Jerry Fodor},
	Date-Added = {2013-11-07 10:21:42 -0500},
	Date-Modified = {2013-11-07 10:22:46 -0500},
	Journal = {The Journal of Philosophy},
	Month = {January},
	Number = {1},
	Pages = {5-26},
	Title = {A Modal Argument for Narrow Content},
	Volume = {88},
	Year = {1991}}

@article{Mental,
	Author = {Stephen Yablo},
	Date-Added = {2013-11-07 10:18:35 -0500},
	Date-Modified = {2013-11-07 10:19:43 -0500},
	Journal = {The Philosophical Review},
	Month = {April},
	Number = {2},
	Pages = {245-280},
	Title = {Mental Causation},
	Volume = {101},
	Year = {1992}}

@article{Wide,
	Author = {Stephen Yablo},
	Date-Added = {2013-11-07 10:17:30 -0500},
	Date-Modified = {2013-11-07 10:18:05 -0500},
	Journal = {No{\^u}s},
	Number = {11},
	Pages = {251-281},
	Title = {Wide Causation},
	Volume = {31},
	Year = {1997}}

@article{barr2013random,
	Author = {Barr, Dale J and Levy, Roger and Scheepers, Christoph and Tily, Harry J},
	Journal = {Journal of memory and language},
	Number = {3},
	Pages = {255--278},
	Publisher = {Elsevier},
	Title = {Random effects structure for confirmatory hypothesis testing: Keep it maximal},
	Volume = {68},
	Year = {2013}}

@article {phillips2018psychological,
author = {Phillips, Jonathan and Knobe, Joshua},
title = {The psychological representation of modality},
year={2018},
journal = {Mind \& Language},
publisher = {Blackwell Publishing Ltd},
issn = {1468-0017},
url = {http://dx.doi.org/10.1111/mila.12165},
doi = {10.1111/mila.12165},
volume={33},
number={1},
pages={65--94},
keywords = {counterfactuals, intuitive physics, modality, morality, possibility, probability},
}

@article{Phillips2017morality,
author = {Phillips, Jonathan and Cushman, Fiery}, 
title = {Morality constrains the default representation of what is possible},
volume = {114}, 
number = {18}, 
pages = {4649-4654}, 
year = {2017}, 
doi = {10.1073/pnas.1619717114}, 
URL = {http://www.pnas.org/content/114/18/4649.abstract}, 
eprint = {http://www.pnas.org/content/114/18/4649.full.pdf}, 
journal = {Proceedings of the National Academy of Sciences} 
}

@article{Shtulman2018,
title = {Differentiating `could' from `should': Developmental changes in modal cognition},
journal = {Journal of Experimental Child Psychology},
volume = {165},
pages = {161--182},
year = {2018},
doi = {https://doi.org/10.1016/j.jecp.2017.05.012},
url = {http://www.sciencedirect.com/science/article/pii/S0022096517303429},
author = {Andrew Shtulman and Jonathan Phillips}
}

@article{bates2014lme4,
	Author = {Bates, Douglas and Maechler, Martin and Bolker, Ben and Walker, Steven and others},
	Journal = {R package version},
	Number = {7},
	Pages = {1--23},
	Title = {lme4: Linear mixed-effects models using Eigen and S4},
	Volume = {1},
	Year = {2014}}
